2917 4950
852 335 1166 383 PUBLILII
1212 335 1368 382 srm
1415 333 1876 382 SENTEN'russ.
2424 320 2509 384 69

236 496 334 556 50
376 490 496 553 Bis
542 490 743 553 emori
791 498 888 553 est
930 488 1202 552 alterius
1245 488 1522 555 arbitrio
1565 488 1750 550 mori.

375 590 726 666 Beneficia,
751 588 938 678 plura
980 591 1232 677 recipit,
1279 591 1392 676 qui
1436 592 1565 654 scit
1607 587 1903 653 reddere.

374 695 490 756 Bis
536 713 791 780 peccas,
837 713 984 756 cum
1029 693 1327 779 peccanti
1373 691 1758 777 obsequium
1802 691 2278 758 accommodas.

375 796 598 860 Bonus
646 795 900 860 animus
947 793 1160 858 laesus
1205 794 1477 879 gravius
1522 791 1725 857 multo
1769 793 2096 868 irascitur.

374 898 561 961 Bona
604 918 774 961 mors
823 896 1234 990 est-homini,
1280 897 1458 960 vitae
1505 917 1671 981 quae
1717 895 2047 980 extinguit
2090 895 2280 959 mala.

231 1007 327 1066 55
375 999 777 1064 Beneficium
821 997 1038 1063 dando
1081 999 1355 1084 accepit,
1403 998 1515 1083 qui
1562 996 1761 1082 digno
1806 996 2011 1061 dedit.

375 1100 733 1183 Blanditia,
780 1124 911 1166 non
954 1102 1248 1187 imperio,
1295 1101 1369 1164 fit
1417 1098 1625 1163 dulcis
1670 1097 1920 1163 Venus.

301 1193 312 1200 ⁵
371 1205 592 1268 Bonus
637 1204 892 1267 animus
939 1224 1290 1290 numquam
1322 1203 1570 1267 erranti
1599 1201 1984 1289 obsequium
2014 1201 2495 1268 adcommodat.

370 1304 770 1369 Beneficium
816 1307 927 1391 qui
974 1303 1238 1369 dedisse
1284 1327 1356 1369 se
1399 1303 1582 1386 dicit,
1630 1305 1817 1390 petit.

369 1405 674 1472 Benivoli
719 1407 1088 1471 coniunctio
1131 1407 1335 1470 animi
1379 1406 1671 1470 maxima
1716 1415 1816 1470 est
1860 1407 2189 1490 cognatio.

228 1518 324 1576 60
369 1508 770 1573 Beneficium
815 1529 1010 1596 saepe
1056 1508 1211 1573 dare
1257 1508 1491 1573 docere
1536 1516 1636 1572 est
1678 1506 1975 1571 reddere.

368 1611 696 1675 Bonitatis
742 1610 946 1674 verba
990 1611 1237 1675 imitari
1279 1611 1490 1675 maior
1532 1608 1784 1674 malitia
1830 1619 1948 1674 est.

368 1711 554 1778 Bona
596 1713 816 1800 opinio
862 1711 1196 1779 hominum
1239 1713 1442 1778 tutior
1486 1712 1761 1799 pecunia
1804 1719 1919 1775 est.

177 2027 465 2069 comens
513 2028 561 2066 v.
594 2009 845 2066 44-78
894 2009 1179 2066 PRBFV
1203 2008 1345 2081 (Εο)

1 2214 3 2231 .
369 2157 452 2220 50
496 2165 666 2219 emori
713 2170 798 2218 est
845 2163 1320 2236 Bamberyensist,
1374 2162 1718 2219 Fabricius.-
1777 2162 1919 2217 enim
1970 2164 2111 2220 mori
2152 2171 2237 2219 est
2277 2162 2497 2221 PRFE

1 2252 6 2359 ’)
175 2251 510 2319 Erasmus,
560 2251 692 2304 item
723 2249 779 2303 B
815 2251 928 2305 nisi
967 2250 1120 2322 quod
1155 2265 1274 2305 una
1305 2250 1504 2304 littera
1536 2253 1672 2303 ante
1702 2247 1840 2302 mori
1871 2261 2047 2302 erasa
2082 2254 2194 2320 est,
2240 2249 2374 2304 mori
2409 2256 2493 2306 est

1 2360 4 2451 Ι
201 2335 317 2404 Vc,
355 2341 439 2389 est
469 2334 606 2388 mori
636 2333 840 2404 Bothe,
873 2334 1226 2391 Ritsehelius
1255 2333 1450 2389 scheol.
1484 2336 1613 2388 erit.
1648 2331 1725 2388 16
1757 2355 1842 2379 =
1873 2347 2069 2401 opusc.
2098 2333 2244 2405 phil.
2278 2331 2337 2403 2,
2364 2334 2487 2391 664

365 2417 472 2475 arb.
509 2419 678 2475 emori
711 2418 942 2476 Gruter.
1007 2418 1098 2492 Cf·
1125 2436 1221 2493 pq.
1257 2417 1335 2476 59
1528 2415 1605 2475 51
1656 2417 1845 2492 recipit
1879 2417 2298 2477 RBFVEC'Pa
2333 2435 2494 2477 corr.

180 2522 310 2562 sec.
345 2522 416 2560 m.
449 2505 653 2577 recepit
682 2506 754 2580 P,
791 2505 1020 2579 plurima
1052 2506 1260 2578 accepit
1308 2505 1461 2561 Vino.
1496 2504 1644 2559 Bell.
1677 2519 1763 2573 sp.
1797 2505 1853 2559 d.
1886 2502 1949 2574 4,
1982 2501 2062 2559 53
2236 2503 2316 2560 52
2366 2522 2491 2579 pec-

179 2590 342 2665 canti
385 2588 508 2644 BE·
537 2588 885 2660 Beruensis,
933 2589 1245 2646 Erasmus.-
1289 2591 1498 2663 peccati
1539 2589 1620 2659 P,
1672 2588 1907 2661 peccatis
1950 2586 2038 2659 R,
2080 2596 2303 2661 peccato
2334 2592 2391 2646 F
2406 2590 2497 2647 Vc

201 2678 373 2732 Vino.
414 2673 568 2730 Bell.
611 2690 694 2746 sp.
739 2677 795 2731 d.
838 2673 908 2745 4,
944 2674 1082 2732 106.
1121 2674 1259 2732 168.
1295 2674 1364 2746 5,
1397 2672 1453 2729 8.
1528 2673 1614 2745 Cf.
1650 2692 1695 2729 v.
1730 2670 1828 2727 57.
1866 2670 2006 2729 148.
2180 2675 2489 2731 commodas

182 2760 565 2832 Godofredus
713 2758 790 2817 53
837 2767 894 2817 et
924 2765 1044 2815 tres
1074 2775 1189 2832 seq.
1225 2779 1271 2816 v.
1304 2761 1511 2815 desunt
1542 2761 1599 2813 in
1631 2760 1687 2813 B
1830 2758 2045 2831 gravius
2078 2757 2250 2814 multo
2282 2759 2494 2817 PREG

177 2848 514 2902 Erasmus.-
559 2844 730 2900 multo
774 2862 855 2919 gr.
903 2844 959 2899 F
974 2844 1032 2915 V,
1076 2844 1282 2900 inultus
1325 2861 1408 2917 gr.
1462 2843 1619 2898 Vino.
1652 2842 1801 2899 Bell.
1847 2859 1933 2913 sp.
1980 2843 2031 2897 d.
2078 2847 2141 2914 4,
2177 2842 2316 2901 133.
2394 2842 2483 2915 Cf.

0 2909 15 3054 ι
179 2932 404 2988 Caecil.
439 2928 610 2985 Balb.
643 2929 877 2986 Monac,
915 2928 1013 2999 15,
1049 2929 1148 2999 15,
1175 2948 1268 3003 pq.
1303 2928 1382 2985 25
1415 2926 1497 2983 eB.
1530 2928 1731 2983 amicus
1764 2926 1939 2983 laesus
1971 2944 2024 3001 g.
2056 2927 2119 2983 i.’
2262 2926 2345 2983 54
2390 2929 2488 2985 ho-

179 3016 324 3072 mini
350 3013 515 3070 PRF
531 3016 577 3071 V
586 3040 600 3068 .·
647 3014 818 3069 omnis
861 3015 1190 3079 Bentler'u33
1233 3014 1281 3070 b.
1331 3032 1399 3069 m.
1443 3021 1526 3069 est
1570 3029 1705 3088 quae
1749 3013 1909 3068 animi
1940 3028 1985 3068 e.
2016 3028 2085 3066 m.
2121 3013 2188 3084 G,
2232 3016 2490 3071 simililer

179 3101 356 3158 codd.
395 3099 635 3155 Gruteri
672 3107 726 3155 et
761 3100 1008 3156 Bentleii
1017 3124 1035 3163 ‚·
1078 3098 1130 3155 b.
1161 3101 1210 3155 h.
1246 3116 1312 3154 m.
1347 3107 1432 3155 est
1465 3098 1682 3155 Gruter
1864 3096 1942 3153 55
1993 3096 2210 3154 Gellius
2246 3098 2344 3168 17,
2381 3099 2479 3155 14.

182 3186 458 3242 Macrob.
493 3184 615 3239 Sat.
649 3182 709 3254 2,
743 3185 801 3255 7,
835 3184 933 3242 10.
1093 3182 1356 3240 Beneficia
1386 3184 1661 3239 Pillioeus
1812 3182 2022 3256 accepit
2052 3182 2268 3240 Gellius
2301 3183 2486 3240 Macr.

206 3272 254 3326 V
302 3270 618 3325 Erasmus:
663 3270 857 3343 accipit
898 3269 1140 3338 PRFE,
1187 3270 1394 3342 accepit
1437 3266 1615 3325 dando
1659 3268 1785 3325 Ιοα.
1830 3266 2133 3324 Saresber.
2177 3270 2392 3326 Policr.
2426 3269 2485 3341 8.,

189 3355 271 3411 14
447 3352 660 3409 dederit
718 3354 764 3410 V
933 3354 1012 3411 56
1061 3354 1146 3426 Cf.
1193 3354 1314 3411 276
1491 3352 1569 3409 57
1619 3352 1709 3424 Cf.
1758 3372 1805 3409 v.
1846 3350 1942 3407 52.
2118 3354 2317 3410 amicus
2361 3357 2485 3411 cod.

185 3440 636 3508 Panthaleonis‚
681 3437 732 3493 b.
764 3439 966 3495 amicus
1010 3446 1096 3495 est
1136 3440 1227 3513 qui
1270 3456 1322 3493 11.
1358 3440 1402 3495 0
1572 3437 1781 3492 errandi
1830 3438 1879 3493 V
2042 3438 2348 3495 commodat
2380 3440 2485 3497 Go-

187 3524 472 3596 dofredus
688 3522 766 3580 58
811 3522 1072 3580 Beneficia
1101 3524 1377 3581 Pithoeus
1591 3523 1681 3596 qui
1724 3521 1937 3577 dedisse
1979 3539 2039 3577 se
2068 3523 2146 3595 L,
2182 3524 2483 3582 Pithoeus:

189 3626 258 3663 se
297 3609 346 3664 d.
391 3609 482 3682 qui
513 3608 828 3678 Erasmus,
877 3611 968 3683 qui
1011 3626 1070 3664 se
1111 3609 1164 3664 d.
1226 3610 1380 3666 Vino.
1415 3610 1567 3665 Bell.
1614 3624 1701 3679 sp.
1743 3608 1795 3663 d.
1832 3606 1903 3676 4,
1938 3606 2038 3665 52.
2128 3608 2213 3680 Cf.
2249 3608 2383 3665 Seu.
2414 3612 2485 3667 de

189 3693 383 3766 benef.
427 3693 497 3764 2,
535 3694 646 3765 11,
679 3692 714 3748 2
904 3693 982 3751 59
1030 3694 1336 3750 convinctio
1397 3695 1443 3751 V
1482 3701 1565 3748 est
1608 3709 1675 3748 m.
1720 3692 1980 3765 cogitatio
2015 3692 2083 3762 C,
2131 3694 2293 3749 animi
2334 3692 2388 3749 h.
2433 3711 2479 3749 c.

191 3794 384 3851 inagna
425 3787 509 3833 cst
554 3795 597 3834 c.
637 3778 802 3834 Vino.
838 3779 986 3835 Bell.
1021 3795 1104 3851 sp.
1138 3782 1191 3838 d.
1226 3778 1296 3851 5,
1329 3778 1441 3851 53,
1475 3778 1624 3833 Coni.
1666 3794 1711 3831 a.
1746 3794 1813 3831 m.
1860 3785 1944 3833 est
1975 3793 2018 3831 c.
2064 3779 2153 3833 vel
2182 3776 2480 3835 Benevolus

191 3864 396 3919 animus
443 3880 512 3917 m.
563 3871 648 3919 est
690 3880 735 3919 c.
780 3865 1095 3926 Erasmus;
1140 3870 1199 3921 ut
1241 3880 1346 3921 nos
1383 3868 1607 3935 primus
1654 3862 2022 3933 Godofredus
2063 3876 2141 3917 ex
2184 3864 2308 3919 cod.
2351 3864 2481 3921 bibl.

197 3948 438 4004 Amandi
610 3947 690 4005 60
736 3955 818 4003 est
861 3948 983 4008 doc.
1036 3950 1096 4019 V,
1157 3949 1316 4006 Vinc.
1363 3949 1509 4004 Bell.
1553 3964 1642 4017 sp.
1687 3949 1739 4002 d.
1786 3945 1858 4017 4,
1890 3945 1989 4002 46.
2168 3946 2245 4003 61
2296 3948 2383 4022 Cf.
2430 3968 2479 4007 v.

0 4019 12 4182 b
201 4031 337 4089 368.
368 4031 492 4090 400
663 4031 804 4087 hona
855 4034 1008 4089 Vine.
1057 4034 1204 4091 Bell.
1245 4050 1330 4105 sp.
1362 4037 1417 4090 d.
1451 4033 1521 4105 4,
1560 4030 1675 4088 129
1848 4032 2057 4087 imitare
2085 4032 2204 4103 Pa,
2246 4033 2483 4091 inmitari

6 4182 23 4199 ε
203 4117 353 4187 PbR,
383 4118 638 4173 inmutari
672 4117 732 4188 0,
765 4134 876 4173 non
907 4119 1104 4174 imitari
1135 4121 1260 4176 cod.
1291 4118 1563 4175 Penthal.
1596 4118 1818 4172 mercari
1869 4118 2023 4173 Vinc.
2056 4132 2142 4188 sp.
2176 4119 2230 4173 cl.
2262 4116 2324 4190 4,
2358 4118 2477 4176 129

1 4205 4 4276 ᾗ
363 4203 530 4259 maior
572 4220 674 4259 om.
711 4202 782 4267 C,-
826 4203 944 4259 mal.
991 4204 1159 4259 maior
1199 4212 1284 4259 est
1314 4205 1371 4259 F
1386 4205 1444 4274 V,
1492 4204 1658 4258 maior
1698 4209 1782 4256 est
1814 4219 1883 4257 m.
1932 4204 2090 4261 Vino.
2118 4204 2159 4257 l.
2192 4218 2242 4259 c.
2278 4202 2479 4260 malitia

207 4293 289 4351 est
325 4288 580 4343 maiorum
621 4289 767 4344 idem
808 4304 896 4360 sp.
927 4290 982 4344 d.
1018 4287 1090 4359 5,
1124 4287 1202 4345 52
1379 4288 1457 4345 62
1508 4289 1674 4361 Cf..v.
1709 4287 1807 4344 83.
1840 4288 1979 4344 217.
2012 4286 2135 4343 498
2308 4288 2479 4345 homi-

0 4389 9 4512 ἱ
209 4384 324 4424 1111111
356 4372 447 4427 LC
492 4373 648 4429 Vino.
683 4371 830 4429 Bell.
861 4388 949 4445 sp.
981 4376 1035 4434 d.
1071 4372 1129 4445 5,
1163 4372 1270 4429 67:
1316 4374 1519 4429 homini
1552 4374 1838 4429 Erasmus
2008 4377 2091 4427 est
2123 4390 2227 4429 om.
2278 4374 2326 4429 V
