<?xml version="1.0" encoding="UTF-8"?>
<!DOCTYPE html PUBLIC "-//W3C//DTD XHTML 1.0 Transitional//EN"
    "http://www.w3.org/TR/xhtml1/DTD/xhtml1-transitional.dtd">
<html xmlns="http://www.w3.org/1999/xhtml" xml:lang="en" lang="en">
 <head>
  <title>
</title>
<meta http-equiv="Content-Type" content="text/html;charset=utf-8" />
  <meta name='ocr-system' content='tesseract 3.04.00' />
  <meta name='ocr-capabilities' content='ocr_page ocr_carea ocr_par ocr_line ocrx_word'/>
</head>
<body>
  <div class='ocr_page' id='page_1' title='image "./publiliisyrisen00martgoog/publiliisyrisen00martgoog_0018.png"; bbox 0 0 2917 4950; ppageno 0'>
   <div class='ocr_carea' id='block_1_1' title="bbox 441 289 1867 349">
    <p class='ocr_par' dir='ltr' id='par_1_1' title="bbox 441 289 1867 349">
     <span class='ocr_line' id='line_1_1' title="bbox 441 289 1867 349; baseline -0.001 -1"><span class='ocrx_word' id='word_1_1' title='bbox 441 289 478 348; x_wconf 78' lang='lat'>8</span> <span class='ocrx_word' id='word_1_2' title='bbox 1315 299 1867 349; x_wconf 63' lang='lat' dir='ltr'><strong>raons-comem.</strong></span> 
     </span>
    </p>
   </div>
   <div class='ocr_carea' id='block_1_2' title="bbox 419 455 2770 4415">
    <p class='ocr_par' dir='ltr' id='par_1_2' title="bbox 437 455 2757 1970">
     <span class='ocr_line' id='line_1_2' title="bbox 437 455 2745 542; baseline -0.001 -22"><span class='ocrx_word' id='word_1_3' title='bbox 437 455 524 520; x_wconf 88' lang='lat' dir='ltr'><strong>ad</strong></span> <span class='ocrx_word' id='word_1_4' title='bbox 578 465 802 521; x_wconf 87' lang='lat' dir='ltr'><strong>nostra</strong></span> <span class='ocrx_word' id='word_1_5' title='bbox 855 464 1146 542; x_wconf 89' lang='lat' dir='ltr'><strong>tempora</strong></span> <span class='ocrx_word' id='word_1_6' title='bbox 1201 463 1632 542; x_wconf 85' lang='lat' dir='ltr'>propagatam</span> <span class='ocrx_word' id='word_1_7' title='bbox 1677 475 1853 535; x_wconf 86' lang='lat' dir='ltr'><strong>esse,</strong></span> <span class='ocrx_word' id='word_1_8' title='bbox 1918 455 2107 541; x_wconf 85' lang='lat' dir='ltr'><strong>quasi</strong></span> <span class='ocrx_word' id='word_1_9' title='bbox 2151 477 2371 520; x_wconf 87' lang='lat' dir='ltr'><strong>omnes</strong></span> <span class='ocrx_word' id='word_1_10' title='bbox 2418 455 2601 518; x_wconf 85' lang='lat' dir='ltr'><strong>mimi</strong></span> <span class='ocrx_word' id='word_1_11' title='bbox 2646 455 2745 518; x_wconf 87' lang='lat' dir='ltr'><strong>ita</strong></span> 
     </span>
     <span class='ocr_line' id='line_1_3' title="bbox 440 555 2745 644; baseline -0.002 -21"><span class='ocrx_word' id='word_1_12' title='bbox 440 557 685 623; x_wconf 88' lang='lat' dir='ltr'><strong>fuerint</strong></span> <span class='ocrx_word' id='word_1_13' title='bbox 741 557 1118 644; x_wconf 83' lang='lat' dir='ltr'><strong>compositi,</strong></span> <span class='ocrx_word' id='word_1_14' title='bbox 1176 565 1250 620; x_wconf 86' lang='lat' dir='ltr'><strong>ut</strong></span> <span class='ocrx_word' id='word_1_15' title='bbox 1301 555 1385 620; x_wconf 96' lang='lat' dir='ltr'><strong>ab</strong></span> <span class='ocrx_word' id='word_1_16' title='bbox 1440 579 1571 622; x_wconf 91' lang='lat' dir='ltr'><strong>uno</strong></span> <span class='ocrx_word' id='word_1_17' title='bbox 1630 565 1999 642; x_wconf 83' lang='lat' dir='ltr'>agerentur.</span> <span class='ocrx_word' id='word_1_18' title='bbox 2088 555 2190 620; x_wconf 89' lang='lat' dir='ltr'><strong>Ne</strong></span> <span class='ocrx_word' id='word_1_19' title='bbox 2234 566 2455 620; x_wconf 89' lang='lat' dir='ltr'><strong>tamen</strong></span> <span class='ocrx_word' id='word_1_20' title='bbox 2498 578 2745 641; x_wconf 88' lang='lat' dir='ltr'><strong>arguar</strong></span> 
     </span>
     <span class='ocr_line' id='line_1_4' title="bbox 442 657 2751 744; baseline -0.001 -20"><span class='ocrx_word' id='word_1_21' title='bbox 442 682 581 725; x_wconf 89' lang='lat' dir='ltr'><strong>rem</strong></span> <span class='ocrx_word' id='word_1_22' title='bbox 634 660 704 722; x_wconf 91' lang='lat' dir='ltr'><strong>in</strong></span> <span class='ocrx_word' id='word_1_23' title='bbox 759 660 966 722; x_wconf 88' lang='lat' dir='ltr'><strong>maius</strong></span> <span class='ocrx_word' id='word_1_24' title='bbox 1024 659 1326 741; x_wconf 83' lang='lat' dir='ltr'><strong>auxisse,</strong></span> <span class='ocrx_word' id='word_1_25' title='bbox 1381 657 1754 723; x_wconf 83' lang='lat' dir='ltr'><strong>adscribam</strong></span> <span class='ocrx_word' id='word_1_26' title='bbox 1812 679 1978 744; x_wconf 90' lang='lat' dir='ltr'><strong>quae</strong></span> <span class='ocrx_word' id='word_1_27' title='bbox 2024 658 2357 743; x_wconf 77' lang='lat' dir='ltr'><strong>leguntur·</strong></span> <span class='ocrx_word' id='word_1_28' title='bbox 2374 659 2444 722; x_wconf 90' lang='lat' dir='ltr'><strong>in</strong></span> <span class='ocrx_word' id='word_1_29' title='bbox 2490 657 2657 722; x_wconf 89' lang='lat' dir='ltr'><strong>libro</strong></span> <span class='ocrx_word' id='word_1_30' title='bbox 2705 681 2751 722; x_wconf 91' lang='lat' dir='ltr'><strong>a</strong></span> 
     </span>
     <span class='ocr_line' id='line_1_5' title="bbox 443 758 2749 842; baseline -0.001 -16"><span class='ocrx_word' id='word_1_31' title='bbox 443 760 688 826; x_wconf 81' lang='lat' dir='ltr'><strong>Guhlio</strong></span> <span class='ocrx_word' id='word_1_32' title='bbox 735 771 798 826; x_wconf 89' lang='lat' dir='ltr'><strong>et</strong></span> <span class='ocrx_word' id='word_1_33' title='bbox 828 760 1093 825; x_wconf 89' lang='lat' dir='ltr'><strong>Konero</strong></span> <span class='ocrx_word' id='word_1_34' title='bbox 1138 760 1336 841; x_wconf 88' lang='lat' dir='ltr'><strong>edito,</strong></span> <span class='ocrx_word' id='word_1_35' title='bbox 1385 761 1503 825; x_wconf 88' lang='lat' dir='ltr'><strong>das</strong></span> <span class='ocrx_word' id='word_1_36' title='bbox 1534 760 1763 824; x_wconf 90' lang='lat' dir='ltr'><strong>Leben</strong></span> <span class='ocrx_word' id='word_1_37' title='bbox 1797 759 1913 841; x_wconf 79' lang='lat' dir='ltr'><strong>der</strong></span> <span class='ocrx_word' id='word_1_38' title='bbox 1948 758 2276 825; x_wconf 85' lang='lat' dir='ltr'><strong>Griechen</strong></span> <span class='ocrx_word' id='word_1_39' title='bbox 2308 760 2444 824; x_wconf 89' lang='lat' dir='ltr'><strong>und</strong></span> <span class='ocrx_word' id='word_1_40' title='bbox 2475 760 2749 842; x_wconf 73' lang='lat' dir='ltr'><strong>Romer,</strong></span> 
     </span>
     <span class='ocr_line' id='line_1_6' title="bbox 443 862 2753 952; baseline -0.001 -24"><span class='ocrx_word' id='word_1_41' title='bbox 443 887 552 952; x_wconf 88' lang='lat' dir='ltr'><strong>pg.</strong></span> <span class='ocrx_word' id='word_1_42' title='bbox 587 864 712 928; x_wconf 85' lang='lat'><strong>704</strong></span> <span class='ocrx_word' id='word_1_43' title='bbox 741 864 842 927; x_wconf 90' lang='lat' dir='ltr'><strong>ed.</strong></span> <span class='ocrx_word' id='word_1_44' title='bbox 877 884 1010 927; x_wconf 91' lang='lat' dir='ltr'><strong>sec.</strong></span> <span class='ocrx_word' id='word_1_45' title='bbox 1101 862 1214 928; x_wconf 71' lang='lat' dir='ltr'><strong>‘In</strong></span> <span class='ocrx_word' id='word_1_46' title='bbox 1258 865 1428 928; x_wconf 75' lang='lat' dir='ltr'><strong>emer</strong></span> <span class='ocrx_word' id='word_1_47' title='bbox 1457 862 2029 928; x_wconf 74' lang='lat' dir='ltr'><strong>Harlckmstracht·</strong></span> <span class='ocrx_word' id='word_1_48' title='bbox 2056 864 2268 945; x_wconf 71' lang='lat' dir='ltr'><strong>spicltc</strong></span> <span class='ocrx_word' id='word_1_49' title='bbox 2312 865 2421 928; x_wconf 81' lang='lat' dir='ltr'><strong>der</strong></span> <span class='ocrx_word' id='word_1_50' title='bbox 2460 865 2577 927; x_wconf 69' lang='lat' dir='ltr'><strong>mit</strong></span> <span class='ocrx_word' id='word_1_51' title='bbox 2604 865 2753 928; x_wconf 82' lang='lat' dir='ltr'><strong>dem</strong></span> 
     </span>
     <span class='ocr_line' id='line_1_7' title="bbox 444 964 2753 1046; baseline -0.002 -14"><span class='ocrx_word' id='word_1_52' title='bbox 444 972 644 1032; x_wconf 72' lang='lat' dir='ltr'><strong>erstem</strong></span> <span class='ocrx_word' id='word_1_53' title='bbox 675 966 1046 1046; x_wconf 77' lang='lat' dir='ltr'><strong>Rollenfach</strong></span> <span class='ocrx_word' id='word_1_54' title='bbox 1077 966 1353 1032; x_wconf 76' lang='lat' dir='ltr'><strong>betraate</strong></span> <span class='ocrx_word' id='word_1_55' title='bbox 1396 966 1810 1030; x_wconf 71' lang='lat' dir='ltr'><strong>archimimus</strong></span> <span class='ocrx_word' id='word_1_56' title='bbox 1838 988 1951 1030; x_wconf 86' lang='lat' dir='ltr'><strong>vor</strong></span> <span class='ocrx_word' id='word_1_57' title='bbox 1981 967 2153 1031; x_wconf 71' lang='lat' dir='ltr'><strong>einer</strong></span> <span class='ocrx_word' id='word_1_58' title='bbox 2185 964 2490 1044; x_wconf 78' lang='lat' dir='ltr'><strong>Gardine,</strong></span> <span class='ocrx_word' id='word_1_59' title='bbox 2522 965 2753 1029; x_wconf 75' lang='lat' dir='ltr'><strong>welche</strong></span> 
     </span>
     <span class='ocr_line' id='line_1_8' title="bbox 444 1066 2755 1150; baseline -0.001 -17"><span class='ocrx_word' id='word_1_60' title='bbox 444 1071 543 1144; x_wconf 61' lang='lat' dir='ltr'><strong>die</strong></span> <span class='ocrx_word' id='word_1_61' title='bbox 585 1069 838 1134; x_wconf 73' lang='lat' dir='ltr'><strong>vordero</strong></span> <span class='ocrx_word' id='word_1_62' title='bbox 865 1068 1097 1133; x_wconf 72' lang='lat' dir='ltr'><strong>Bmme</strong></span> <span class='ocrx_word' id='word_1_63' title='bbox 1139 1089 1259 1132; x_wconf 77' lang='lat' dir='ltr'><strong>von</strong></span> <span class='ocrx_word' id='word_1_64' title='bbox 1304 1069 1414 1132; x_wconf 80' lang='lat' dir='ltr'><strong>der</strong></span> <span class='ocrx_word' id='word_1_65' title='bbox 1457 1069 1741 1133; x_wconf 74' lang='lat' dir='ltr'><strong>hinteren</strong></span> <span class='ocrx_word' id='word_1_66' title='bbox 1786 1072 2042 1148; x_wconf 69' lang='lat' dir='ltr'><strong>treanta.</strong></span> <span class='ocrx_word' id='word_1_67' title='bbox 2131 1066 2321 1131; x_wconf 77' lang='lat' dir='ltr'><strong>Allen</strong></span> <span class='ocrx_word' id='word_1_68' title='bbox 2363 1067 2626 1150; x_wconf 67' lang='lat' dir='ltr'><strong>iibriqen</strong></span> <span class='ocrx_word' id='word_1_69' title='bbox 2670 1069 2755 1130; x_wconf 75' lang='lat' dir='ltr'><strong>in</strong></span> 
     </span>
     <span class='ocr_line' id='line_1_9' title="bbox 447 1167 2752 1250; baseline -0.001 -16"><span class='ocrx_word' id='word_1_70' title='bbox 447 1171 556 1235; x_wconf 80' lang='lat' dir='ltr'><strong>der</strong></span> <span class='ocrx_word' id='word_1_71' title='bbox 614 1168 805 1246; x_wconf 72' lang='lat' dir='ltr'><strong>Posse</strong></span> <span class='ocrx_word' id='word_1_72' title='bbox 859 1170 1291 1250; x_wconf 68' lang='lat' dir='ltr'><strong>austretmzden</strong></span> <span class='ocrx_word' id='word_1_73' title='bbox 1349 1168 1668 1235; x_wconf 77' lang='lat' dir='ltr'><strong>Personen</strong></span> <span class='ocrx_word' id='word_1_74' title='bbox 1720 1190 1937 1234; x_wconf 74' lang='lat' dir='ltr'><strong>waren</strong></span> <span class='ocrx_word' id='word_1_75' title='bbox 1993 1190 2123 1234; x_wconf 73' lang='lat' dir='ltr'><strong>aar</strong></span> <span class='ocrx_word' id='word_1_76' title='bbox 2167 1167 2243 1231; x_wconf 92' lang='lat' dir='ltr'><strong><em>N</em></strong></span> <span class='ocrx_word' id='word_1_77' title='bbox 2236 1169 2580 1234; x_wconf 73' lang='lat' dir='ltr'><strong>ebenrollen</strong></span> <span class='ocrx_word' id='word_1_78' title='bbox 2634 1189 2752 1232; x_wconf 73' lang='lat' dir='ltr'><strong>zu-</strong></span> 
     </span>
     <span class='ocr_line' id='line_1_10' title="bbox 440 1269 2748 1354; baseline -0.001 -18"><span class='ocrx_word' id='word_1_79' title='bbox 440 1273 738 1353; x_wconf 73' lang='lat' dir='ltr'><strong>9ewiesen</strong></span> <span class='ocrx_word' id='word_1_80' title='bbox 781 1273 917 1337; x_wconf 67' lang='lat' dir='ltr'><strong>zmd</strong></span> <span class='ocrx_word' id='word_1_81' title='bbox 955 1272 1378 1336; x_wconf 75' lang='lat' dir='ltr'><strong>secandierten</strong></span> <span class='ocrx_word' id='word_1_82' title='bbox 1431 1274 1523 1337; x_wconf 72' lang='lat' dir='ltr'><strong>sie</strong></span> <span class='ocrx_word' id='word_1_83' title='bbox 1566 1273 1682 1336; x_wconf 82' lang='lat' dir='ltr'><strong>das</strong></span> <span class='ocrx_word' id='word_1_84' title='bbox 1727 1271 1899 1354; x_wconf 72' lang='lat' dir='ltr'><strong>Spiel</strong></span> <span class='ocrx_word' id='word_1_85' title='bbox 1943 1273 2047 1335; x_wconf 78' lang='lat' dir='ltr'><strong>des</strong></span> <span class='ocrx_word' id='word_1_86' title='bbox 2091 1269 2566 1353; x_wconf 74' lang='lat' dir='ltr'><strong>Haaptactears</strong></span> <span class='ocrx_word' id='word_1_87' title='bbox 2609 1291 2748 1334; x_wconf 70' lang='lat' dir='ltr'><strong>aar</strong></span> 
     </span>
     <span class='ocr_line' id='line_1_11' title="bbox 447 1372 2751 1456; baseline -0.001 -18"><span class='ocrx_word' id='word_1_88' title='bbox 447 1375 644 1438; x_wconf 79' lang='lat' dir='ltr'><strong>durch</strong></span> <span class='ocrx_word' id='word_1_89' title='bbox 703 1375 1129 1456; x_wconf 71' lang='lat' dir='ltr'><strong>yeleyentle‘che</strong></span> <span class='ocrx_word' id='word_1_90' title='bbox 1189 1373 1584 1452; x_wconf 76' lang='lat' dir='ltr'><strong>Antworten,</strong></span> <span class='ocrx_word' id='word_1_91' title='bbox 1652 1375 1836 1438; x_wconf 66' lang='lat' dir='ltr'><strong>soweie</strong></span> <span class='ocrx_word' id='word_1_92' title='bbox 1894 1374 2089 1438; x_wconf 78' lang='lat' dir='ltr'><strong>durch</strong></span> <span class='ocrx_word' id='word_1_93' title='bbox 2150 1372 2683 1438; x_wconf 71' lang='lat' dir='ltr'><strong>Gesticulatc&#39;onen</strong></span> <span class='ocrx_word' id='word_1_94' title='bbox 2706 1378 2751 1450; x_wconf 91' lang='lat'><strong>’,</strong></span> 
     </span>
     <span class='ocr_line' id='line_1_12' title="bbox 449 1473 2752 1560; baseline -0 -22"><span class='ocrx_word' id='word_1_95' title='bbox 449 1476 553 1539; x_wconf 91' lang='lat' dir='ltr'><strong>cui</strong></span> <span class='ocrx_word' id='word_1_96' title='bbox 599 1475 961 1540; x_wconf 89' lang='lat' dir='ltr'><strong>sententiae</strong></span> <span class='ocrx_word' id='word_1_97' title='bbox 1007 1496 1147 1539; x_wconf 91' lang='lat' dir='ltr'><strong>cum</strong></span> <span class='ocrx_word' id='word_1_98' title='bbox 1179 1473 1309 1539; x_wconf 88' lang='lat' dir='ltr'><strong>alia</strong></span> <span class='ocrx_word' id='word_1_99' title='bbox 1337 1474 1770 1560; x_wconf 82' lang='lat' dir='ltr'><strong>refragantur,</strong></span> <span class='ocrx_word' id='word_1_100' title='bbox 1818 1485 1959 1540; x_wconf 90' lang='lat' dir='ltr'><strong>tum</strong></span> <span class='ocrx_word' id='word_1_101' title='bbox 1989 1475 2331 1560; x_wconf 82' lang='lat' dir='ltr'><strong>inscriptio</strong></span> <span class='ocrx_word' id='word_1_102' title='bbox 2363 1473 2540 1560; x_wconf 87' lang='lat' dir='ltr'><strong>apud</strong></span> <span class='ocrx_word' id='word_1_103' title='bbox 2573 1473 2752 1537; x_wconf 81' lang='lat' dir='ltr'><strong>Gru-</strong></span> 
     </span>
     <span class='ocr_line' id='line_1_13' title="bbox 448 1575 2753 1664; baseline -0 -23"><span class='ocrx_word' id='word_1_104' title='bbox 448 1587 662 1642; x_wconf 83' lang='lat' dir='ltr'><strong>terum</strong></span> <span class='ocrx_word' id='word_1_105' title='bbox 706 1575 835 1641; x_wconf 87' lang='lat' dir='ltr'><strong>vol.</strong></span> <span class='ocrx_word' id='word_1_106' title='bbox 868 1576 997 1641; x_wconf 93' lang='lat' dir='ltr'>III.</span> <span class='ocrx_word' id='word_1_107' title='bbox 1045 1576 1127 1641; x_wconf 89' lang='lat' dir='ltr'><strong>N.</strong></span> <span class='ocrx_word' id='word_1_108' title='bbox 1167 1577 1348 1660; x_wconf 85' lang='lat'><strong>1089,</strong></span> <span class='ocrx_word' id='word_1_109' title='bbox 1398 1599 1561 1664; x_wconf 91' lang='lat' dir='ltr'><strong>quae</strong></span> <span class='ocrx_word' id='word_1_110' title='bbox 1606 1579 1953 1661; x_wconf 85' lang='lat' dir='ltr'><strong>sexaginta</strong></span> <span class='ocrx_word' id='word_1_111' title='bbox 1996 1578 2229 1642; x_wconf 88' lang='lat' dir='ltr'><strong>mimos</strong></span> <span class='ocrx_word' id='word_1_112' title='bbox 2278 1577 2420 1640; x_wconf 88' lang='lat' dir='ltr'><strong>sive</strong></span> <span class='ocrx_word' id='word_1_113' title='bbox 2450 1576 2753 1640; x_wconf 88' lang='lat' dir='ltr'><strong>adlectos</strong></span> 
     </span>
     <span class='ocr_line' id='line_1_14' title="bbox 450 1676 2757 1766; baseline -0.001 -23"><span class='ocrx_word' id='word_1_114' title='bbox 450 1681 520 1743; x_wconf 90' lang='lat' dir='ltr'><strong>in</strong></span> <span class='ocrx_word' id='word_1_115' title='bbox 564 1678 872 1743; x_wconf 88' lang='lat' dir='ltr'><strong>honorem</strong></span> <span class='ocrx_word' id='word_1_116' title='bbox 919 1676 1264 1766; x_wconf 87' lang='lat' dir='ltr'><strong>Eutychae</strong></span> <span class='ocrx_word' id='word_1_117' title='bbox 1307 1679 1706 1762; x_wconf 87' lang='lat' dir='ltr'><strong>archimimi,</strong></span> <span class='ocrx_word' id='word_1_118' title='bbox 1755 1681 1797 1742; x_wconf 92' lang='lat' dir='ltr'><strong>i.</strong></span> <span class='ocrx_word' id='word_1_119' title='bbox 1846 1701 1901 1743; x_wconf 90' lang='lat' dir='ltr'><strong>e.</strong></span> <span class='ocrx_word' id='word_1_120' title='bbox 1949 1679 2265 1766; x_wconf 88' lang='lat' dir='ltr'><strong>principis</strong></span> <span class='ocrx_word' id='word_1_121' title='bbox 2312 1679 2565 1763; x_wconf 88' lang='lat' dir='ltr'><strong>gregis,</strong></span> <span class='ocrx_word' id='word_1_122' title='bbox 2612 1700 2757 1741; x_wconf 93' lang='lat' dir='ltr'><strong>mo-</strong></span> 
     </span>
     <span class='ocr_line' id='line_1_15' title="bbox 449 1765 2753 1866; baseline 0 -22"><span class='ocrx_word' id='word_1_123' title='bbox 449 1793 830 1846; x_wconf 86' lang='lat' dir='ltr'><strong>numentum</strong></span> <span class='ocrx_word' id='word_1_124' title='bbox 875 1782 1180 1846; x_wconf 85' lang='lat' dir='ltr'><strong>statuisse</strong></span> <span class='ocrx_word' id='word_1_125' title='bbox 1223 1789 1522 1845; x_wconf 88' lang='lat' dir='ltr'><strong>testatur.</strong></span> <span class='ocrx_word' id='word_1_126' title='bbox 1614 1780 1718 1844; x_wconf 82' lang='lat' dir='ltr'><strong>Cf.</strong></span> <span class='ocrx_word' id='word_1_127' title='bbox 1752 1783 1949 1845; x_wconf 89' lang='lat' dir='ltr'><strong>etiam</strong></span> <span class='ocrx_word' id='word_1_128' title='bbox 1992 1780 2223 1866; x_wconf 87' lang='lat' dir='ltr'><strong>Pauly,</strong></span> <span class='ocrx_word' id='word_1_129' title='bbox 2271 1765 2753 1866; x_wconf 83' lang='lat' dir='ltr'><strong>Real-Encycl.</strong></span> 
     </span>
     <span class='ocr_line' id='line_1_16' title="bbox 453 1868 2185 1970; baseline 0.001 -25"><span class='ocrx_word' id='word_1_130' title='bbox 453 1882 537 1964; x_wconf 92' lang='lat' dir='ltr'><strong>V,</strong></span> <span class='ocrx_word' id='word_1_131' title='bbox 584 1883 689 1947; x_wconf 86' lang='lat'><strong>36.</strong></span> <span class='ocrx_word' id='word_1_132' title='bbox 735 1883 858 1966; x_wconf 82' lang='lat'><strong>373</strong></span> <span class='ocrx_word' id='word_1_133' title='bbox 907 1881 1161 1970; x_wconf 83' lang='lat' dir='ltr'><strong>Grysar</strong></span> <span class='ocrx_word' id='word_1_134' title='bbox 1205 1880 1248 1945; x_wconf 75' lang='lat' dir='ltr'><strong>l,</strong></span> <span class='ocrx_word' id='word_1_135' title='bbox 1295 1879 1337 1944; x_wconf 94' lang='lat' dir='ltr'><strong>l.</strong></span> <span class='ocrx_word' id='word_1_136' title='bbox 1385 1904 1494 1968; x_wconf 88' lang='lat' dir='ltr'><strong>pg.</strong></span> <span class='ocrx_word' id='word_1_137' title='bbox 1542 1883 1647 1946; x_wconf 84' lang='grc'><strong>25.</strong></span> <span class='ocrx_word' id='word_1_138' title='bbox 1696 1882 1798 1946; x_wconf 91' lang='grc'><strong>26.</strong></span> <span class='ocrx_word' id='word_1_139' title='bbox 1846 1883 1949 1946; x_wconf 83' lang='grc'><strong>35.</strong></span> <span class='ocrx_word' id='word_1_140' title='bbox 2174 1868 2185 1874; x_wconf 48' lang='grc'><strong>’</strong></span> 
     </span>
    </p>

    <p class='ocr_par' dir='ltr' id='par_1_3' title="bbox 419 1982 2770 4415">
     <span class='ocr_line' id='line_1_17' title="bbox 621 1982 2751 2070; baseline -0 -22"><span class='ocrx_word' id='word_1_141' title='bbox 621 1983 823 2048; x_wconf 92' lang='lat' dir='ltr'><strong>Mimo</strong></span> <span class='ocrx_word' id='word_1_142' title='bbox 869 1982 1071 2048; x_wconf 90' lang='lat' dir='ltr'><strong>semel</strong></span> <span class='ocrx_word' id='word_1_143' title='bbox 1110 1985 1180 2046; x_wconf 90' lang='lat' dir='ltr'><strong>in</strong></span> <span class='ocrx_word' id='word_1_144' title='bbox 1209 2003 1515 2066; x_wconf 85' lang='lat' dir='ltr'><strong>scaenam</strong></span> <span class='ocrx_word' id='word_1_145' title='bbox 1545 1993 1805 2070; x_wconf 87' lang='lat' dir='ltr'><strong>recepto</strong></span> <span class='ocrx_word' id='word_1_146' title='bbox 1836 1983 2149 2070; x_wconf 88' lang='lat' dir='ltr'><strong>paulatim</strong></span> <span class='ocrx_word' id='word_1_147' title='bbox 2180 1983 2266 2048; x_wconf 90' lang='lat' dir='ltr'><strong>ad</strong></span> <span class='ocrx_word' id='word_1_148' title='bbox 2296 1983 2563 2049; x_wconf 88' lang='lat' dir='ltr'><strong>altiores</strong></span> <span class='ocrx_word' id='word_1_149' title='bbox 2598 2007 2751 2070; x_wconf 90' lang='lat' dir='ltr'><strong>per-</strong></span> 
     </span>
     <span class='ocr_line' id='line_1_18' title="bbox 453 2085 2757 2173; baseline 0 -23"><span class='ocrx_word' id='word_1_150' title='bbox 453 2087 756 2152; x_wconf 88' lang='lat' dir='ltr'><strong>fectionis</strong></span> <span class='ocrx_word' id='word_1_151' title='bbox 821 2086 1064 2171; x_wconf 89' lang='lat' dir='ltr'><strong>gradus</strong></span> <span class='ocrx_word' id='word_1_152' title='bbox 1132 2095 1521 2172; x_wconf 88' lang='lat' dir='ltr'><strong>perventum</strong></span> <span class='ocrx_word' id='word_1_153' title='bbox 1588 2107 1730 2151; x_wconf 92' lang='lat' dir='ltr'><strong>esse</strong></span> <span class='ocrx_word' id='word_1_154' title='bbox 1786 2085 2197 2150; x_wconf 89' lang='lat' dir='ltr'><strong>crediderim.</strong></span> <span class='ocrx_word' id='word_1_155' title='bbox 2290 2087 2458 2152; x_wconf 90' lang='lat' dir='ltr'><strong>Nam</strong></span> <span class='ocrx_word' id='word_1_156' title='bbox 2513 2087 2757 2173; x_wconf 91' lang='lat' dir='ltr'><strong>prim0,</strong></span> 
     </span>
     <span class='ocr_line' id='line_1_19' title="bbox 455 2186 2751 2275; baseline -0 -23"><span class='ocrx_word' id='word_1_157' title='bbox 455 2212 602 2253; x_wconf 92' lang='lat' dir='ltr'><strong>cum</strong></span> <span class='ocrx_word' id='word_1_158' title='bbox 645 2189 880 2252; x_wconf 89' lang='lat' dir='ltr'><strong>mimus</strong></span> <span class='ocrx_word' id='word_1_159' title='bbox 915 2195 1087 2252; x_wconf 90' lang='lat' dir='ltr'><strong>esset</strong></span> <span class='ocrx_word' id='word_1_160' title='bbox 1115 2209 1417 2253; x_wconf 89' lang='lat' dir='ltr'><strong>acroama</strong></span> <span class='ocrx_word' id='word_1_161' title='bbox 1446 2186 1533 2252; x_wconf 91' lang='lat' dir='ltr'><strong>ab</strong></span> <span class='ocrx_word' id='word_1_162' title='bbox 1562 2211 1690 2252; x_wconf 91' lang='lat' dir='ltr'><strong>uno</strong></span> <span class='ocrx_word' id='word_1_163' title='bbox 1722 2187 1938 2275; x_wconf 92' lang='lat' dir='ltr'><strong>aliquo</strong></span> <span class='ocrx_word' id='word_1_164' title='bbox 1970 2189 2286 2254; x_wconf 87' lang='lat' dir='ltr'><strong>histrione</strong></span> <span class='ocrx_word' id='word_1_165' title='bbox 2318 2188 2570 2254; x_wconf 89' lang='lat' dir='ltr'><strong>editum</strong></span> <span class='ocrx_word' id='word_1_166' title='bbox 2600 2190 2751 2253; x_wconf 90' lang='lat' dir='ltr'><strong>sive</strong></span> 
     </span>
     <span class='ocr_line' id='line_1_20' title="bbox 457 2288 2765 2377; baseline 0 -24"><span class='ocrx_word' id='word_1_167' title='bbox 457 2288 916 2354; x_wconf 83' lang='lat' dir='ltr'><strong>saltatiuncula</strong></span> <span class='ocrx_word' id='word_1_168' title='bbox 983 2288 1095 2373; x_wconf 90' lang='lat' dir='ltr'><strong>(cf.</strong></span> <span class='ocrx_word' id='word_1_169' title='bbox 1156 2288 1394 2354; x_wconf 85' lang='lat' dir='ltr'><strong>Festus</strong></span> <span class='ocrx_word' id='word_1_170' title='bbox 1453 2314 1518 2377; x_wconf 89' lang='lat' dir='ltr'><strong>p.</strong></span> <span class='ocrx_word' id='word_1_171' title='bbox 1554 2290 1689 2362; x_wconf 84' lang='grc'><strong>,326</strong></span> <span class='ocrx_word' id='word_1_172' title='bbox 1750 2290 1851 2354; x_wconf 91' lang='lat' dir='ltr'><strong>ed.</strong></span> <span class='ocrx_word' id='word_1_173' title='bbox 1900 2289 2267 2376; x_wconf 89' lang='lat' dir='ltr'><strong>Muelleri),</strong></span> <span class='ocrx_word' id='word_1_174' title='bbox 2336 2292 2404 2354; x_wconf 91' lang='lat' dir='ltr'><strong>in</strong></span> <span class='ocrx_word' id='word_1_175' title='bbox 2460 2300 2765 2354; x_wconf 86' lang='lat' dir='ltr'><strong>extrema</strong></span> 
     </span>
     <span class='ocr_line' id='line_1_21' title="bbox 457 2390 2763 2481; baseline 0 -27"><span class='ocrx_word' id='word_1_176' title='bbox 457 2413 728 2481; x_wconf 86' lang='lat' dir='ltr'><strong>scaenae</strong></span> <span class='ocrx_word' id='word_1_177' title='bbox 773 2413 885 2457; x_wconf 88' lang='lat' dir='ltr'><strong>ora</strong></span> <span class='ocrx_word' id='word_1_178' title='bbox 927 2390 1246 2477; x_wconf 87' lang='lat' dir='ltr'><strong>agebatur</strong></span> <span class='ocrx_word' id='word_1_179' title='bbox 1288 2402 1440 2456; x_wconf 89' lang='lat' dir='ltr'><strong>ante</strong></span> <span class='ocrx_word' id='word_1_180' title='bbox 1492 2390 1822 2456; x_wconf 89' lang='lat' dir='ltr'><strong>aulaeum:</strong></span> <span class='ocrx_word' id='word_1_181' title='bbox 1872 2402 2041 2480; x_wconf 88' lang='lat' dir='ltr'><strong>post,</strong></span> <span class='ocrx_word' id='word_1_182' title='bbox 2090 2414 2237 2455; x_wconf 89' lang='lat' dir='ltr'><strong>cum</strong></span> <span class='ocrx_word' id='word_1_183' title='bbox 2281 2392 2463 2456; x_wconf 90' lang='lat' dir='ltr'><strong>mimi</strong></span> <span class='ocrx_word' id='word_1_184' title='bbox 2508 2394 2638 2457; x_wconf 88' lang='lat' dir='ltr'><strong>iam</strong></span> <span class='ocrx_word' id='word_1_185' title='bbox 2670 2393 2763 2456; x_wconf 87' lang='lat' dir='ltr'><strong>ad</strong></span> 
     </span>
     <span class='ocr_line' id='line_1_22' title="bbox 455 2492 2757 2581; baseline 0.001 -25"><span class='ocrx_word' id='word_1_186' title='bbox 455 2492 817 2579; x_wconf 88' lang='lat' dir='ltr'><strong>legitimam</strong></span> <span class='ocrx_word' id='word_1_187' title='bbox 859 2493 1228 2557; x_wconf 89' lang='lat' dir='ltr'><strong>fabularum</strong></span> <span class='ocrx_word' id='word_1_188' title='bbox 1273 2494 1548 2559; x_wconf 89' lang='lat' dir='ltr'><strong>formam</strong></span> <span class='ocrx_word' id='word_1_189' title='bbox 1594 2496 2023 2559; x_wconf 87' lang='lat' dir='ltr'><strong>accessissent</strong></span> <span class='ocrx_word' id='word_1_190' title='bbox 2069 2505 2132 2560; x_wconf 91' lang='lat' dir='ltr'><strong>ct</strong></span> <span class='ocrx_word' id='word_1_191' title='bbox 2178 2517 2602 2581; x_wconf 89' lang='lat' dir='ltr'><strong>personarum</strong></span> <span class='ocrx_word' id='word_1_192' title='bbox 2632 2518 2757 2559; x_wconf 88' lang='lat' dir='ltr'><strong>nu-</strong></span> 
     </span>
     <span class='ocr_line' id='line_1_23' title="bbox 457 2595 2765 2686; baseline 0 -27"><span class='ocrx_word' id='word_1_193' title='bbox 457 2617 634 2660; x_wconf 89' lang='lat' dir='ltr'><strong>mero</strong></span> <span class='ocrx_word' id='word_1_194' title='bbox 691 2596 761 2658; x_wconf 91' lang='lat' dir='ltr'><strong>in</strong></span> <span class='ocrx_word' id='word_1_195' title='bbox 808 2595 947 2661; x_wconf 91' lang='lat' dir='ltr'><strong>dies</strong></span> <span class='ocrx_word' id='word_1_196' title='bbox 1006 2605 1336 2661; x_wconf 87' lang='lat' dir='ltr'><strong>crescente</strong></span> <span class='ocrx_word' id='word_1_197' title='bbox 1393 2597 1711 2685; x_wconf 90' lang='lat' dir='ltr'><strong>ampliore</strong></span> <span class='ocrx_word' id='word_1_198' title='bbox 1769 2600 1981 2686; x_wconf 87' lang='lat' dir='ltr'><strong>spatio</strong></span> <span class='ocrx_word' id='word_1_199' title='bbox 2030 2621 2192 2684; x_wconf 88' lang='lat' dir='ltr'><strong>opus</strong></span> <span class='ocrx_word' id='word_1_200' title='bbox 2240 2607 2448 2681; x_wconf 90' lang='lat' dir='ltr'><strong>esset,</strong></span> <span class='ocrx_word' id='word_1_201' title='bbox 2508 2620 2765 2661; x_wconf 88' lang='lat' dir='ltr'><strong>novum</strong></span> 
     </span>
     <span class='ocr_line' id='line_1_24' title="bbox 457 2698 2757 2786; baseline 0 -24"><span class='ocrx_word' id='word_1_202' title='bbox 457 2698 591 2762; x_wconf 88' lang='lat' dir='ltr'><strong>veli</strong></span> <span class='ocrx_word' id='word_1_203' title='bbox 635 2721 864 2784; x_wconf 78' lang='lat' dir='ltr'><strong>genUS,</strong></span> <span class='ocrx_word' id='word_1_204' title='bbox 915 2699 1091 2784; x_wconf 91' lang='lat' dir='ltr'><strong>quod</strong></span> <span class='ocrx_word' id='word_1_205' title='bbox 1136 2700 1455 2786; x_wconf 89' lang='lat' dir='ltr'><strong>siparium</strong></span> <span class='ocrx_word' id='word_1_206' title='bbox 1500 2700 1845 2783; x_wconf 77' lang='lat' dir='ltr'><strong>vocabant,</strong></span> <span class='ocrx_word' id='word_1_207' title='bbox 1894 2700 2147 2764; x_wconf 89' lang='lat' dir='ltr'><strong>mediae</strong></span> <span class='ocrx_word' id='word_1_208' title='bbox 2193 2721 2465 2764; x_wconf 88' lang='lat' dir='ltr'><strong>scaenae</strong></span> <span class='ocrx_word' id='word_1_209' title='bbox 2509 2700 2603 2763; x_wconf 89' lang='lat' dir='ltr'><strong>ita</strong></span> <span class='ocrx_word' id='word_1_210' title='bbox 2636 2702 2757 2765; x_wconf 94' lang='lat' dir='ltr'><strong>ob-</strong></span> 
     </span>
     <span class='ocr_line' id='line_1_25' title="bbox 462 2789 2762 2891; baseline 0.001 -27"><span class='ocrx_word' id='word_1_211' title='bbox 462 2789 729 2866; x_wconf 82' lang='lat' dir='ltr'><strong>ductum</strong></span> <span class='ocrx_word' id='word_1_212' title='bbox 774 2811 902 2883; x_wconf 90' lang='lat' dir='ltr'><strong>est,</strong></span> <span class='ocrx_word' id='word_1_213' title='bbox 950 2811 1022 2865; x_wconf 90' lang='lat' dir='ltr'><strong>ut</strong></span> <span class='ocrx_word' id='word_1_214' title='bbox 1064 2804 1134 2864; x_wconf 91' lang='lat' dir='ltr'><strong>in</strong></span> <span class='ocrx_word' id='word_1_215' title='bbox 1179 2804 1502 2867; x_wconf 87' lang='lat' dir='ltr'><strong>exteriore</strong></span> <span class='ocrx_word' id='word_1_216' title='bbox 1548 2806 1691 2868; x_wconf 89' lang='lat' dir='ltr'><strong>sive</strong></span> <span class='ocrx_word' id='word_1_217' title='bbox 1734 2805 1952 2868; x_wconf 89' lang='lat' dir='ltr'><strong>antica</strong></span> <span class='ocrx_word' id='word_1_218' title='bbox 1995 2812 2181 2891; x_wconf 90' lang='lat' dir='ltr'><strong>parte</strong></span> <span class='ocrx_word' id='word_1_219' title='bbox 2225 2803 2591 2889; x_wconf 88' lang='lat' dir='ltr'><strong>proscaenii</strong></span> <span class='ocrx_word' id='word_1_220' title='bbox 2634 2804 2762 2867; x_wconf 90' lang='lat' dir='ltr'><strong>mi-</strong></span> 
     </span>
     <span class='ocr_line' id='line_1_26' title="bbox 461 2903 2765 2991; baseline 0 -24"><span class='ocrx_word' id='word_1_221' title='bbox 461 2904 612 2980; x_wconf 82' lang='lat' dir='ltr'><strong>mici</strong></span> <span class='ocrx_word' id='word_1_222' title='bbox 646 2903 996 2968; x_wconf 89' lang='lat' dir='ltr'><strong>histriones</strong></span> <span class='ocrx_word' id='word_1_223' title='bbox 1028 2912 1469 2990; x_wconf 87' lang='lat' dir='ltr'><strong>spectatorum</strong></span> <span class='ocrx_word' id='word_1_224' title='bbox 1504 2904 1764 2968; x_wconf 90' lang='lat' dir='ltr'><strong>turbam</strong></span> <span class='ocrx_word' id='word_1_225' title='bbox 1797 2904 2219 2988; x_wconf 90' lang='lat' dir='ltr'><strong>oblectarent,</strong></span> <span class='ocrx_word' id='word_1_226' title='bbox 2264 2913 2411 2991; x_wconf 91' lang='lat' dir='ltr'><strong>post</strong></span> <span class='ocrx_word' id='word_1_227' title='bbox 2442 2904 2765 2991; x_wconf 89' lang='lat' dir='ltr'><strong>siparium</strong></span> 
     </span>
     <span class='ocr_line' id='line_1_27' title="bbox 461 2990 2765 3091; baseline 0 -23"><span class='ocrx_word' id='word_1_228' title='bbox 461 3013 679 3069; x_wconf 90' lang='lat' dir='ltr'><strong>autem</strong></span> <span class='ocrx_word' id='word_1_229' title='bbox 737 3003 986 3069; x_wconf 89' lang='lat' dir='ltr'><strong>eodem·</strong></span> <span class='ocrx_word' id='word_1_230' title='bbox 1021 3015 1342 3091; x_wconf 89' lang='lat' dir='ltr'><strong>tempore,</strong></span> <span class='ocrx_word' id='word_1_231' title='bbox 1405 3026 1569 3091; x_wconf 88' lang='lat' dir='ltr'><strong>quae</strong></span> <span class='ocrx_word' id='word_1_232' title='bbox 1628 3006 1712 3069; x_wconf 90' lang='lat' dir='ltr'><strong>ad</strong></span> <span class='ocrx_word' id='word_1_233' title='bbox 1771 3008 2009 3071; x_wconf 91' lang='lat' dir='ltr'><strong>iustam</strong></span> <span class='ocrx_word' id='word_1_234' title='bbox 2053 2990 2346 3070; x_wconf 40' lang='lat' dir='ltr'><strong>‘fabulam</strong></span> <span class='ocrx_word' id='word_1_235' title='bbox 2392 3007 2765 3070; x_wconf 87' lang='lat' dir='ltr'><strong>scaenicam</strong></span> 
     </span>
     <span class='ocr_line' id='line_1_28' title="bbox 462 3106 2763 3195; baseline 0.001 -26"><span class='ocrx_word' id='word_1_236' title='bbox 462 3107 832 3170; x_wconf 89' lang='lat' dir='ltr'><strong>necessaria</strong></span> <span class='ocrx_word' id='word_1_237' title='bbox 891 3116 1106 3188; x_wconf 91' lang='lat' dir='ltr'><strong>erant,</strong></span> <span class='ocrx_word' id='word_1_238' title='bbox 1165 3115 1568 3193; x_wconf 89' lang='lat' dir='ltr'><strong>pararentur.</strong></span> <span class='ocrx_word' id='word_1_239' title='bbox 1659 3106 1804 3172; x_wconf 89' lang='lat' dir='ltr'><strong>Hoc</strong></span> <span class='ocrx_word' id='word_1_240' title='bbox 1863 3106 2120 3194; x_wconf 91' lang='lat' dir='ltr'><strong>quando</strong></span> <span class='ocrx_word' id='word_1_241' title='bbox 2178 3108 2459 3195; x_wconf 89' lang='lat' dir='ltr'><strong>primum</strong></span> <span class='ocrx_word' id='word_1_242' title='bbox 2507 3107 2763 3171; x_wconf 87' lang='lat' dir='ltr'><strong>factum</strong></span> 
     </span>
     <span class='ocr_line' id='line_1_29' title="bbox 466 3207 2764 3295; baseline 0 -22"><span class='ocrx_word' id='word_1_243' title='bbox 466 3210 552 3273; x_wconf 90' lang='lat' dir='ltr'><strong>sit</strong></span> <span class='ocrx_word' id='word_1_244' title='bbox 609 3209 840 3295; x_wconf 87' lang='lat' dir='ltr'><strong>quisve</strong></span> <span class='ocrx_word' id='word_1_245' title='bbox 894 3207 1094 3273; x_wconf 87' lang='lat' dir='ltr'><strong>fuerit</strong></span> <span class='ocrx_word' id='word_1_246' title='bbox 1139 3209 1364 3295; x_wconf 88' lang='lat' dir='ltr'><strong>siparii</strong></span> <span class='ocrx_word' id='word_1_247' title='bbox 1408 3211 1745 3291; x_wconf 88' lang='lat' dir='ltr'><strong>inventor,</strong></span> <span class='ocrx_word' id='word_1_248' title='bbox 1804 3233 1991 3274; x_wconf 91' lang='lat' dir='ltr'><strong>nemo</strong></span> <span class='ocrx_word' id='word_1_249' title='bbox 2036 3210 2332 3274; x_wconf 85' lang='lat' dir='ltr'><strong>veterum</strong></span> <span class='ocrx_word' id='word_1_250' title='bbox 2376 3211 2764 3275; x_wconf 88' lang='lat' dir='ltr'><strong>nominatim</strong></span> 
     </span>
     <span class='ocr_line' id='line_1_30' title="bbox 464 3309 2763 3398; baseline -0 -22"><span class='ocrx_word' id='word_1_251' title='bbox 464 3310 777 3397; x_wconf 71' lang='lat' dir='ltr'><strong>prodidit,</strong></span> <span class='ocrx_word' id='word_1_252' title='bbox 825 3309 936 3397; x_wconf 89' lang='lat' dir='ltr'><strong>(cf.</strong></span> <span class='ocrx_word' id='word_1_253' title='bbox 984 3309 1120 3375; x_wconf 80' lang='lat' dir='ltr'><strong>Cic.</strong></span> <span class='ocrx_word' id='word_1_254' title='bbox 1169 3310 1251 3373; x_wconf 92' lang='lat' dir='ltr'><strong>de</strong></span> <span class='ocrx_word' id='word_1_255' title='bbox 1295 3333 1480 3397; x_wconf 78' lang='lat' dir='ltr'><strong>prov.</strong></span> <span class='ocrx_word' id='word_1_256' title='bbox 1528 3312 1772 3376; x_wconf 91' lang='lat' dir='ltr'><strong>consul.</strong></span> <span class='ocrx_word' id='word_1_257' title='bbox 1821 3317 1859 3393; x_wconf 66' lang='grc' dir='ltr'>ἓ</span> <span class='ocrx_word' id='word_1_258' title='bbox 1910 3314 2019 3394; x_wconf 87' lang='lat'><strong>14,</strong></span> <span class='ocrx_word' id='word_1_259' title='bbox 2068 3334 2233 3398; x_wconf 90' lang='lat' dir='ltr'><strong>quae</strong></span> <span class='ocrx_word' id='word_1_260' title='bbox 2278 3313 2483 3376; x_wconf 89' lang='lat' dir='ltr'><strong>oratio</strong></span> <span class='ocrx_word' id='word_1_261' title='bbox 2530 3311 2763 3376; x_wconf 85' lang='lat' dir='ltr'><strong>habita</strong></span> 
     </span>
     <span class='ocr_line' id='line_1_31' title="bbox 468 3412 2764 3500; baseline -0 -23"><span class='ocrx_word' id='word_1_262' title='bbox 468 3423 567 3478; x_wconf 88' lang='lat' dir='ltr'><strong>est</strong></span> <span class='ocrx_word' id='word_1_263' title='bbox 611 3434 780 3477; x_wconf 89' lang='lat' dir='ltr'><strong>anno</strong></span> <span class='ocrx_word' id='word_1_264' title='bbox 825 3435 887 3476; x_wconf 94' lang='lat' dir='ltr'><strong>u.</strong></span> <span class='ocrx_word' id='word_1_265' title='bbox 936 3435 991 3475; x_wconf 91' lang='lat' dir='ltr'><strong>c.</strong></span> <span class='ocrx_word' id='word_1_266' title='bbox 1037 3413 1191 3499; x_wconf 83' lang='lat'>698)</span> <span class='ocrx_word' id='word_1_267' title='bbox 1247 3434 1367 3476; x_wconf 91' lang='lat' dir='ltr'><strong>nec</strong></span> <span class='ocrx_word' id='word_1_268' title='bbox 1411 3415 1845 3480; x_wconf 84' lang='lat' dir='ltr'><strong>recentiorum</strong></span> <span class='ocrx_word' id='word_1_269' title='bbox 1893 3415 2268 3500; x_wconf 91' lang='lat' dir='ltr'><strong>quisquam,</strong></span> <span class='ocrx_word' id='word_1_270' title='bbox 2327 3412 2499 3500; x_wconf 91' lang='lat' dir='ltr'><strong>quod</strong></span> <span class='ocrx_word' id='word_1_271' title='bbox 2556 3415 2764 3477; x_wconf 89' lang='lat' dir='ltr'><strong>sciam</strong></span> 
     </span>
     <span class='ocr_line' id='line_1_32' title="bbox 469 3500 2764 3601; baseline 0 -22"><span class='ocrx_word' id='word_1_272' title='bbox 469 3516 840 3583; x_wconf 88' lang='lat' dir='ltr'><strong>coniectura</strong></span> <span class='ocrx_word' id='word_1_273' title='bbox 894 3516 1157 3601; x_wconf 90' lang='lat' dir='ltr'><strong>assequi</strong></span> <span class='ocrx_word' id='word_1_274' title='bbox 1212 3524 1481 3580; x_wconf 90' lang='lat' dir='ltr'><strong>conatus</strong></span> <span class='ocrx_word' id='word_1_275' title='bbox 1540 3527 1671 3581; x_wconf 90' lang='lat' dir='ltr'><strong>est:</strong></span> <span class='ocrx_word' id='word_1_276' title='bbox 1742 3516 1857 3581; x_wconf 85' lang='lat' dir='ltr'><strong>sed</strong></span> <span class='ocrx_word' id='word_1_277' title='bbox 1896 3500 1996 3580; x_wconf 50' lang='lat' dir='ltr'><strong>&#39;de</strong></span> <span class='ocrx_word' id='word_1_278' title='bbox 2054 3537 2288 3579; x_wconf 89' lang='lat' dir='ltr'><strong>scaena</strong></span> <span class='ocrx_word' id='word_1_279' title='bbox 2342 3515 2426 3579; x_wconf 89' lang='lat' dir='ltr'><strong>ad</strong></span> <span class='ocrx_word' id='word_1_280' title='bbox 2470 3515 2764 3601; x_wconf 88' lang='lat' dir='ltr'><strong>agendos</strong></span> 
     </span>
     <span class='ocr_line' id='line_1_33' title="bbox 469 3614 2765 3706; baseline 0.001 -25"><span class='ocrx_word' id='word_1_281' title='bbox 469 3618 700 3682; x_wconf 91' lang='lat' dir='ltr'><strong>mimos</strong></span> <span class='ocrx_word' id='word_1_282' title='bbox 745 3614 1204 3703; x_wconf 87' lang='lat' dir='ltr'><strong>amplificanda</strong></span> <span class='ocrx_word' id='word_1_283' title='bbox 1249 3618 1493 3706; x_wconf 79' lang='lat' dir='ltr'><strong>optime</strong></span> <span class='ocrx_word' id='word_1_284' title='bbox 1530 3618 1851 3683; x_wconf 88' lang='lat' dir='ltr'><strong>meruisse</strong></span> <span class='ocrx_word' id='word_1_285' title='bbox 1897 3615 2253 3681; x_wconf 91' lang='lat' dir='ltr'><strong>Publilium</strong></span> <span class='ocrx_word' id='word_1_286' title='bbox 2300 3616 2595 3704; x_wconf 84' lang='lat' dir='ltr'><strong>equidem</strong></span> <span class='ocrx_word' id='word_1_287' title='bbox 2643 3641 2765 3704; x_wconf 91' lang='lat' dir='ltr'><strong>pro</strong></span> 
     </span>
     <span class='ocr_line' id='line_1_34' title="bbox 468 3714 2763 3807; baseline 0.001 -24"><span class='ocrx_word' id='word_1_288' title='bbox 468 3728 796 3806; x_wconf 87' lang='lat' dir='ltr'><strong>comperto</strong></span> <span class='ocrx_word' id='word_1_289' title='bbox 842 3714 1070 3784; x_wconf 89' lang='lat' dir='ltr'><strong>habeo.</strong></span> <span class='ocrx_word' id='word_1_290' title='bbox 1160 3718 1241 3782; x_wconf 92' lang='lat' dir='ltr'><strong>Id</strong></span> <span class='ocrx_word' id='word_1_291' title='bbox 1286 3720 1503 3807; x_wconf 88' lang='lat' dir='ltr'><strong>ipsum</strong></span> <span class='ocrx_word' id='word_1_292' title='bbox 1545 3720 1914 3804; x_wconf 88' lang='lat' dir='ltr'><strong>significare</strong></span> <span class='ocrx_word' id='word_1_293' title='bbox 1946 3717 2231 3783; x_wconf 88' lang='lat' dir='ltr'><strong>voluisse</strong></span> <span class='ocrx_word' id='word_1_294' title='bbox 2261 3719 2547 3783; x_wconf 91' lang='lat' dir='ltr'><strong>Plinium</strong></span> <span class='ocrx_word' id='word_1_295' title='bbox 2579 3729 2763 3806; x_wconf 84' lang='lat' dir='ltr'><strong>putO,</strong></span> 
     </span>
     <span class='ocr_line' id='line_1_35' title="bbox 469 3814 2764 3909; baseline 0 -24"><span class='ocrx_word' id='word_1_296' title='bbox 469 3844 618 3886; x_wconf 92' lang='lat' dir='ltr'><strong>cum</strong></span> <span class='ocrx_word' id='word_1_297' title='bbox 659 3814 920 3887; x_wconf 71' lang='lat' dir='ltr'><strong>scaenae</strong></span> <span class='ocrx_word' id='word_1_298' title='bbox 964 3823 1251 3886; x_wconf 78' lang='lat' dir='ltr'><strong>mimicae</strong></span> <span class='ocrx_word' id='word_1_299' title='bbox 1295 3822 1671 3886; x_wconf 72' lang='lat' dir='ltr'><strong>conditorem</strong></span> <span class='ocrx_word' id='word_1_300' title='bbox 1713 3820 2104 3909; x_wconf 87' lang='lat' dir='ltr'><strong>appellaret,</strong></span> <span class='ocrx_word' id='word_1_301' title='bbox 2161 3821 2464 3906; x_wconf 91' lang='lat' dir='ltr'><strong>idemque</strong></span> <span class='ocrx_word' id='word_1_302' title='bbox 2511 3843 2764 3886; x_wconf 88' lang='lat' dir='ltr'><strong>summo</strong></span> 
     </span>
     <span class='ocr_line' id='line_1_36' title="bbox 471 3921 2764 4011; baseline -0 -23"><span class='ocrx_word' id='word_1_303' title='bbox 471 3945 664 4011; x_wconf 90' lang='lat' dir='ltr'><strong>opere</strong></span> <span class='ocrx_word' id='word_1_304' title='bbox 720 3925 955 4005; x_wconf 91' lang='lat' dir='ltr'><strong>miror,</strong></span> <span class='ocrx_word' id='word_1_305' title='bbox 1014 3924 1379 4010; x_wconf 82' lang='lat' dir='ltr'><strong>Grysarum</strong></span> <span class='ocrx_word' id='word_1_306' title='bbox 1436 3923 1537 3987; x_wconf 90' lang='lat' dir='ltr'><strong>his</strong></span> <span class='ocrx_word' id='word_1_307' title='bbox 1597 3923 1817 3988; x_wconf 87' lang='lat' dir='ltr'><strong>verbis</strong></span> <span class='ocrx_word' id='word_1_308' title='bbox 1879 3925 2222 4010; x_wconf 87' lang='lat' dir='ltr'><strong>deceptum</strong></span> <span class='ocrx_word' id='word_1_309' title='bbox 2268 3921 2592 4005; x_wconf 88' lang='lat' dir='ltr'><strong>Publilio,</strong></span> <span class='ocrx_word' id='word_1_310' title='bbox 2647 3922 2764 3987; x_wconf 90' lang='lat' dir='ltr'><strong>ho-</strong></span> 
     </span>
     <span class='ocr_line' id='line_1_37' title="bbox 471 4024 2770 4121; baseline 0 -32"><span class='ocrx_word' id='word_1_311' title='bbox 471 4026 634 4089; x_wconf 91' lang='lat' dir='ltr'><strong>mini</strong></span> <span class='ocrx_word' id='word_1_312' title='bbox 691 4025 984 4111; x_wconf 90' lang='lat' dir='ltr'><strong>privato,</strong></span> <span class='ocrx_word' id='word_1_313' title='bbox 1043 4026 1155 4111; x_wconf 93' lang='lat' dir='ltr'><strong>qui</strong></span> <span class='ocrx_word' id='word_1_314' title='bbox 1198 4047 1410 4111; x_wconf 90' lang='lat' dir='ltr'><strong>neque</strong></span> <span class='ocrx_word' id='word_1_315' title='bbox 1467 4027 1859 4121; x_wconf 64' lang='lat' dir='ltr'><strong>architeptus</strong></span> <span class='ocrx_word' id='word_1_316' title='bbox 1916 4047 2127 4113; x_wconf 88' lang='lat' dir='ltr'><strong>neque</strong></span> <span class='ocrx_word' id='word_1_317' title='bbox 2184 4024 2419 4112; x_wconf 89' lang='lat' dir='ltr'><strong>amplis</strong></span> <span class='ocrx_word' id='word_1_318' title='bbox 2466 4026 2770 4090; x_wconf 87' lang='lat' dir='ltr'><strong>fortunae</strong></span> 
     </span>
     <span class='ocr_line' id='line_1_38' title="bbox 473 4126 2765 4211; baseline 0 -20"><span class='ocrx_word' id='word_1_319' title='bbox 473 4127 850 4192; x_wconf 89' lang='lat' dir='ltr'><strong>muneribus</strong></span> <span class='ocrx_word' id='word_1_320' title='bbox 898 4136 1163 4192; x_wconf 91' lang='lat' dir='ltr'><strong>ornatus</strong></span> <span class='ocrx_word' id='word_1_321' title='bbox 1212 4136 1412 4209; x_wconf 90' lang='lat' dir='ltr'><strong>esset,</strong></span> <span class='ocrx_word' id='word_1_322' title='bbox 1466 4128 1740 4211; x_wconf 75' lang='lat' dir='ltr'><strong>gLOriam</strong></span> <span class='ocrx_word' id='word_1_323' title='bbox 1786 4127 2027 4194; x_wconf 85' lang='lat' dir='ltr'><strong>theatri</strong></span> <span class='ocrx_word' id='word_1_324' title='bbox 2070 4127 2320 4193; x_wconf 88' lang='lat' dir='ltr'><strong>conditi</strong></span> <span class='ocrx_word' id='word_1_325' title='bbox 2364 4126 2765 4210; x_wconf 87' lang='lat' dir='ltr'><strong>vindicasse,</strong></span> 
     </span>
     <span class='ocr_line' id='line_1_39' title="bbox 419 4228 2766 4321; baseline 0.001 -28"><span class='ocrx_word' id='word_1_326' title='bbox 419 4308 426 4317; x_wconf 22' lang='grc' dir='ltr'><strong><em>θ</em></strong></span> <span class='ocrx_word' id='word_1_327' title='bbox 475 4230 597 4321; x_wconf 75' lang='lat' dir='ltr'><strong>etsi</strong></span> <span class='ocrx_word' id='word_1_328' title='bbox 653 4230 934 4315; x_wconf 88' lang='lat' dir='ltr'><strong>primum</strong></span> <span class='ocrx_word' id='word_1_329' title='bbox 978 4228 1364 4315; x_wconf 89' lang='lat' dir='ltr'><strong>Pompeium</strong></span> <span class='ocrx_word' id='word_1_330' title='bbox 1419 4252 1587 4294; x_wconf 90' lang='lat' dir='ltr'><strong>anno</strong></span> <span class='ocrx_word' id='word_1_331' title='bbox 1632 4230 1716 4296; x_wconf 83' lang='lat'><strong>55</strong></span> <span class='ocrx_word' id='word_1_332' title='bbox 1760 4252 1818 4293; x_wconf 92' lang='lat' dir='ltr'><strong>a.</strong></span> <span class='ocrx_word' id='word_1_333' title='bbox 1866 4229 2020 4295; x_wconf 85' lang='lat' dir='ltr'><strong>Chr.</strong></span> <span class='ocrx_word' id='word_1_334' title='bbox 2079 4234 2480 4295; x_wconf 72' lang='lat' dir='ltr'><strong>‘mansuram</strong></span> <span class='ocrx_word' id='word_1_335' title='bbox 2533 4230 2766 4296; x_wconf 74' lang='lat' dir='ltr'><strong>theatri</strong></span> 
     </span>
     <span class='ocr_line' id='line_1_40' title="bbox 473 4326 2705 4415; baseline -0.002 -16"><span class='ocrx_word' id='word_1_336' title='bbox 473 4333 675 4399; x_wconf 79' lang='lat' dir='ltr'><strong>sedem</strong></span> <span class='ocrx_word' id='word_1_337' title='bbox 705 4332 1023 4415; x_wconf 74' lang='lat' dir='ltr'><strong>posuisse’</strong></span> <span class='ocrx_word' id='word_1_338' title='bbox 1071 4331 1231 4397; x_wconf 89' lang='lat' dir='ltr'><strong>satis</strong></span> <span class='ocrx_word' id='word_1_339' title='bbox 1275 4339 1556 4399; x_wconf 86' lang='lat' dir='ltr'><strong>testatur</strong></span> <span class='ocrx_word' id='word_1_340' title='bbox 1600 4332 1865 4399; x_wconf 86' lang='lat' dir='ltr'><strong>Tacitus</strong></span> <span class='ocrx_word' id='word_1_341' title='bbox 1912 4326 1995 4398; x_wconf 80' lang='lat' dir='ltr'><strong>ab</strong></span> <span class='ocrx_word' id='word_1_342' title='bbox 2042 4354 2183 4398; x_wconf 83' lang='lat' dir='ltr'><strong>exc.</strong></span> <span class='ocrx_word' id='word_1_343' title='bbox 2230 4333 2315 4401; x_wconf 89' lang='lat' dir='ltr'><strong>D.</strong></span> <span class='ocrx_word' id='word_1_344' title='bbox 2349 4333 2432 4399; x_wconf 87' lang='lat' dir='ltr'><strong>A.</strong></span> <span class='ocrx_word' id='word_1_345' title='bbox 2472 4330 2568 4415; x_wconf 91' lang='lat'><strong>14,</strong></span> <span class='ocrx_word' id='word_1_346' title='bbox 2603 4330 2705 4395; x_wconf 86' lang='grc'><strong>20.</strong></span> 
     </span>
    </p>
   </div>
  </div>
 </body>
</html>
