2917 4950
484 271 607 334 112
1113 285 1425 332 Pussmml
1473 285 1628 332 srm
1676 284 2138 332 senmurum.

474 459 608 498 prov.
651 445 723 504 ut
764 458 1081 503 summum
1124 439 1353 504 bonum
1398 457 1778 521 occupemuS,
1823 439 2098 502 scrutari
2129 442 2348 519 pectus
2378 439 2569 520 piyet.

665 541 975 606 Virtutem
1018 542 1198 604 cuius
1213 560 1623 623 proyressum
1649 541 1900 622 videri&
1943 560 2022 603 ne
2049 542 2284 604 exitum
2313 541 2445 604 eius
2473 540 2775 622 desperes,

640 641 785 706 *Ubi
832 641 969 706 fata
1012 651 1305 729 peccant,
1351 641 1685 706 hominum
1730 638 2008 704 consilia
2061 639 2394 705 excidunt.

483 751 608 809 630
652 742 975 831 Voluptas
1022 765 1057 805 e
1102 740 1361 806 difficili
1408 741 1562 806 data
1607 741 1988 805 dulcissima
2032 751 2150 806 est.

650 845 786 910 Ubi
830 846 1039 910 omnis
1085 845 1226 908 vita
1270 853 1502 908 metus*
1527 853 1649 927 est,
1695 865 1871 908 mors
1917 853 2020 908 est
2064 845 2327 930 optima.

646 947 833 1013 Unus
882 946 1020 1010 dies
1068 967 1342 1032 poenam
1386 944 1624 1029 adfert,
1671 944 1861 1010 multi
1907 946 2217 1030 cogitant.

653 1048 790 1113 Ubi
834 1056 1063 1135 peccat
1106 1056 1286 1112 aetas
1330 1048 1562 1130 maior,
1607 1045 1773 1111 male
1819 1046 2014 1111 discit
2057 1049 2286 1113 minor.

648 1150 786 1216 Ubi
829 1148 925 1213 nil
972 1151 1259 1230 timetur,
1307 1147 1480 1234 quod
1526 1150 1831 1214 timeatur
1875 1151 2185 1214 nascitur.

482 1251 805 1319 635''Ubi
850 1253 939 1318 sis
989 1273 1136 1316 cum
1179 1253 1309 1315 tuis
1356 1259 1420 1314 et
1463 1249 1663 1331 absis,
1710 1252 1990 1337 patriam
2033 1274 2162 1316 non
2209 1252 2564 1338 desideres,

654 1353 903 1417 Verum
948 1363 1067 1434 est,
1116 1351 1289 1438 quod
1333 1374 1452 1439 pro
1499 1355 1707 1417 salute
1750 1352 1826 1416 fit
1869 1353 2299 1418 mendacium.

658 1455 1076 1541 Ubicumque
1121 1453 1332 1541 pudor
1376 1463 1498 1536 est,
1545 1475 1802 1540 semper
1845 1454 1940 1519 ibi
1985 1465 2210 1520 sancta
2254 1464 2354 1520 est
2395 1455 2584 1520 fides,

658 1553 954 1643 (Utilius
987 1577 1148 1620 veru
1185 1557 1285 1619 est
1328 1556 1399 1620 in
1430 1554 1632 1640 sulco,
1679 1557 1875 1642 quam
1905 1543 2130 1642 gravis
2160 1556 2350 1643 galea
2378 1557 2447 1620 in
2476 1556 2783 1644 proeliO.)

653 1659 791 1724 Ubi
834 1659 1146 1723 innocens
1192 1657 1529 1742 formidat,
1575 1659 1839 1723 damnat
1883 1658 2188 1723 iudicem.

483 1769 608 1827 640
655 1759 981 1826 Voluntas
1027 1759 1452 1846 impudicum,
1499 1782 1629 1824 non
1674 1782 1906 1848 corpus
1951 1761 2131 1827 facit.

662 1864 915 1928 Virtuti
957 1860 1189 1927 melius
1236 1884 1428 1948 quam
1475 1863 1774 1928 fortunae
1818 1863 2125 1928 creditur.
2233 1895 2242 1912 ι

658 1964 953 2029 Verbum
998 1986 1186 2030 omne
1228 1963 1453 2047 refert,
1500 1967 1570 2030 in
1614 1986 1806 2051 quam
1852 1974 2101 2052 partem
2145 1963 2510 2048 intellegas.

658 2068 892 2132 Virum
935 2066 1173 2131 bonum
1220 2075 1477 2150 natura,
1522 2089 1651 2131 non
1695 2066 1854 2133 ordo
1898 2067 2076 2130 facit.

655 2168 795 2234 Ubi
840 2170 1057 2256 coepit
1100 2189 1349 2254 pauper
1394 2167 1670 2232 divitem
1715 2157 1979 2251 imitari,
2025 2170 2215 2254 perit.

489 2279 610 2338 645
656 2273 967 2337 Veterem
1011 2270 1279 2336 ferendo
1324 2271 1630 2335 iniuriam
1674 2272 1915 2336 invites
1957 2292 2219 2336 novam.

484 2568 754 2611 comens
797 2550 1051 2608 Proverh.
1084 2552 1248 2608 PRF
1275 2550 1442 2625 (Ec),
1490 2570 1537 2607 v.
1572 2550 1936 2636 6297—65&
1981 2549 2200 2624 Fffi»)

487 2705 783 2760 evertimus
831 2705 990 2763 Vino.
1182 2704 1301 2763 146
1345 2706 1498 2779 piget
1529 2704 1631 2761 FC
1670 2705 1828 2765 Vino.
1861 2722 1949 2778 sp.
1983 2708 2038 2762 d.
2073 2705 2143 2776 5,
2177 2705 2284 2761 61:
2331 2705 2482 2779 pegit
2507 2703 2587 2775 P,
2627 2706 2794 2777 piegt

481 2789 534 2844 R
715 2789 830 2845 147
878 2807 945 2846 ne
977 2789 1113 2847 PR.-
1149 2808 1260 2845 non
1290 2790 1363 2862 F,
1396 2790 1479 2861 cf.
1505 2808 1672 2861 prov.
1709 2790 1825 2845 121
2011 2791 2063 2845 ei
2093 2790 2176 2846 Pb
2373 2788 2644 2863 finemque
2681 2807 2789 2845 om.

481 2877 538 2932 F
708 2874 937 2948 disperis
969 2875 1113 2931 PbR
1317 2873 1441 2932 630
1485 2873 1721 2931 edifficili
1754 2876 1825 2946 F,
1871 2875 2119 2930 voluntas
2163 2890 2225 2930 ex
2259 2875 2309 2930 d.
2346 2874 2506 2929 datur
2537 2872 2792 2928 dulcissi—

486 2976 571 3015 me
604 2977 648 3013 π
838 2959 953 3016 631
1006 2962 1111 3015 vita
1146 2960 1391 3016 Gruter.-
1437 2962 1576 3015 vitae
1607 2961 1707 3013 Γπ
1877 2969 2055 3015 motus
2085 2978 2130 3014 π
2302 2960 2564 3032 optimum
2595 2958 2793 3015 Bothe

685 3043 806 3100 632
854 3044 934 3117 cf.
972 3063 1017 3101 v.
1053 3044 1172 3101 609
1376 3043 1492 3100 dies
1526 3045 1767 3101 Gruter.-
1807 3044 1941 3100 deus
1973 3045 2044 3116 F,
2088 3052 2426 3116 corruptum
2467 3049 2528 3099 ut
2571 3062 2621 3099 v.
2662 3042 2792 3099 480

656 3127 813 3182 multi
844 3130 1088 3185 Gruter.-
1121 3146 1277 3202 quam
1311 3128 1468 3185 multi
1498 3131 1570 3201 F,
1605 3129 1686 3202 cf.
1716 3148 1812 3203 pq.
1855 3129 1940 3186 50
2112 3129 2232 3187 633
2279 3147 2342 3184 π.
2401 3127 2500 3183 Ubi
2529 3134 2792 3183 senectus

486 3220 704 3287 peccat,
737 3210 801 3267 ad
838 3230 996 3285 quem
1027 3212 1232 3288 refugit
1263 3214 1559 3288 sapientia?
1590 3216 1645 3271 R
1836 3213 1958 3271 634
2003 3210 2038 3247 ’¹‘
2069 3214 2147 3270 nil
2177 3216 2424 3271 timetur:
2467 3211 2602 3268 nihil
2631 3219 2679 3267 t.
2721 3213 2787 3283 T,

485 3307 525 3353 ι.
570 3297 701 3353 nihil
732 3297 804 3369 F,
850 3298 931 3370 cf.
978 3316 1074 3371 pq.
1111 3299 1189 3355 56
1408 3298 1529 3355 635
1577 3308 1636 3354 ut
1679 3297 1818 3354 absis
1850 3300 2039 3355 Bothe
2078 3303 2136 3355 in
2180 3302 2372 3356 adnot.
2419 3299 2522 3353 etsi
2563 3313 2610 3351 a.
2643 3298 2791 3353 Rib—

485 3384 723 3439 beckius
852 3400 962 3438 non
993 3384 1183 3439 Bothe
1211 3387 1270 3439 in
1303 3386 1498 3443 adnot.
1532 3402 1636 3441 om.
1669 3385 1725 3439 F
1872 3384 1992 3441 636
2037 3385 2311 3457 Diphilus
2340 3402 2438 3456 ap.
2474 3381 2792 3439 Stobaeum

492 3466 595 3537 12,
632 3466 739 3523 12:
785 3453 1189 3543 ὑπολαμβάνω
1235 3456 1298 3525 τὸ
1338 3464 1563 3539 ’ψεῦδος
1605 3462 1700 3523 ἐπὶ
1743 3465 1998 3549 σωτηρίᾳ
2029 3460 2373 3545 Λεγόμενον
2412 3459 2590 3524 οὐδὲν
2619 3484 2792 3541 περι·

485 3552 798 3608 ποιεῖσθαι
842 3546 1116 3625 δυσχερές
1317 3552 1377 3610 fit
1417 3554 1738 3627 plerumque
1781 3571 1852 3610 m.
1903 3556 1976 3626 T,
2021 3572 2067 3608 v.
2111 3572 2183 3611 m.
2231 3556 2290 3610 fit
2329 3572 2430 3629 pro
2472 3570 2514 3608 s,
2559 3569 2604 3606 π

487 3637 607 3695 637
659 3645 743 3693 est
788 3634 922 3693 fides
961 3637 1223 3712 Inyolst..·
1264 3637 1397 3694 fides
1429 3640 1510 3703 F;
1553 3656 1606 3694 u.
1637 3657 1694 3713 p.
1727 3638 1797 3694 ibi
1831 3648 1885 3695 et
1915 3639 1953 3694 f.
1985 3655 2031 3693 π
2233 3640 2353 3697 638
2401 3640 2667 3695 Servavit
2699 3656 2792 3695 so-

483 3725 581 3780 lus
617 3742 661 3779 π
833 3718 869 3755 *
901 3738 1031 3778 veru
1063 3732 1175 3779 est:
1210 3731 1292 3779 est
1323 3741 1453 3779 vero
1484 3741 1530 3778 π
1703 3723 1823 3781 639
1871 3724 2086 3779 damnat
2115 3724 2343 3780 iudicem
2377 3726 2625 3780 Gruter.-
2667 3724 2703 3778 i.
2739 3722 2791 3777 d.

485 3810 589 3863 Fw
765 3806 888 3866 640
932 3808 1184 3864 voluntas
1219 3809 1462 3865 Gruter.-
1493 3808 1740 3882 voluptas
1773 3811 1840 3865 F.
1928 3808 2014 3882 Cf.
2048 3810 2179 3865 Sen.
2213 3808 2464 3865 Phaedr.
2500 3808 2620 3865 743
2651 3808 2788 3864 Pei-

479 3908 598 3964 per
628 3892 731 3965 (=
763 3894 1005 3966 Hippol.
1042 3893 1161 3951 735
1198 3890 1401 3964 Bothe)
1446 3890 1620 3948 ‘mens
1665 3893 1981 3968 impudicam
2024 3893 2200 3949 facere
2241 3912 2350 3949 non
2393 3910 2548 3949 casus
2589 3893 2791 3960 solet'3

486 3993 565 4033 ne
598 3984 791 4033 tamen
824 3983 1093 4052 corriyas
1122 3996 1277 4034 casus
1309 3977 1365 4050 (i.
1399 3994 1445 4035 e.
1481 3972 1765 4051 occasio),
1799 3979 1880 4052 cf.
1912 3980 2033 4035 Liv.
2071 3982 2128 4050 1,
2162 3979 2276 4051 58,ο
2298 3979 2333 4035 9
2376 3978 2630 4034 ‘mentem
2661 3994 2792 4051 pcc-

386 4099 395 4107 .
482 4078 624 4133 care,
656 4078 767 4117 non
798 4064 1022 4135 corpus’
1054 4071 1110 4119 et
1141 4082 1189 4120 v.
1223 4063 1341 4120 481
1519 4063 1848 4137 impudicum
1880 4080 1989 4118 non
2023 4063 2192 4135 Casp.
2233 4064 2442 4121 Orelli.-
2487 4080 2596 4118 non
2628 4062 2788 4136 pudi-

487 4163 612 4202 cum
647 4147 705 4201 F
873 4144 995 4203 644
1042 4148 1132 4220 Cf.
1168 4149 1421 4203 Phaedr.
1457 4148 1514 4219 1,
1543 4148 1644 4221 26,
1671 4149 1703 4204 1
1741 4146 1924 4221 ‘Inops
1953 4157 2235 4221 potentem
2266 4150 2393 4204 dum
2424 4147 2539 4204 vult
2567 4147 2787 4219 imitari,

494 4231 683 4306 perit’.
771 4248 977 4305 pauper
1019 4231 1234 4287 divitem
1270 4232 1513 4289 Gruter.-
1557 4232 1608 4289 d.
1639 4252 1695 4307 p.
1727 4236 1800 4305 F,
1844 4232 1934 4289 ubi
1963 4251 2015 4306 p.
2045 4232 2099 4290 d.
2142 4235 2347 4307 ceperit
2375 4235 2408 4289 i.
2440 4252 2495 4307 p.
2527 4250 2573 4287 π

387 4340 395 4347 ·
486 4315 609 4376 645
660 4317 880 4373 Gellius
913 4316 1012 4388 17,
1050 4315 1159 4388 14,
1207 4315 1472 4373 Macrob.
1506 4317 1630 4374 Sat.
1665 4317 1736 4389 2,
1772 4318 1829 4390 7,
1872 4320 2002 4375 Joa.
2051 4319 2285 4375 Saresb.
2324 4319 2531 4375 Polior.
2564 4319 2636 4391 8,
2673 4318 2784 4386 143
