2917 4950
987 315 1537 364 PROLEGOMENA.
2322 300 2407 366 55

207 475 412 535 Nullus
455 480 536 535 est
578 480 702 535 tam
743 479 905 535 tutus
916 471 980 555 ἢ
1026 481 1317 548 quaestus,
1363 493 1543 549 quam
1585 477 1739 550 quod
1780 477 1997 536 habeas
2028 494 2289 550 parcere.

131 606 355 672 Similis
414 615 515 671 est
570 605 938 670 emendatio
985 629 1048 670 v.
1094 607 1251 690 329,
1312 605 1426 670 ubi
1484 628 1569 670 ex
1612 605 1949 671 codicibus
1995 608 2405 695 reposuimus

127 707 402 806 misereri*
437 731 553 794 pro
600 731 674 775 eo
721 709 897 796 quod
941 710 1010 772 in
1057 687 1455 774 editionibus
1504 709 2119 790 circumferebatur,
2167 712 2401 776 miseri.

279 813 537 877 Passim
594 811 1087 899 pronominibus
1145 801 1432 894 quisquis
1478 819 1542 875 et
1587 813 1899 894 quidquid
1949 810 2207 876 librarii
2257 811 2407 876 sub-

126 916 464 979 stituerunt
508 916 651 996 quis
697 922 760 977 et
805 914 990 994 quid,
1037 911 1144 975 vel
1189 914 1303 977 ubi
1350 915 1676 977 sententia
1718 934 1987 999 poscere
2031 913 2405 995 videbatur,

128 1019 228 1098 qai
270 1025 332 1080 et
375 1017 559 1098 quod.
648 1013 974 1102 Exemplo
1017 1016 1149 1078 sint
1195 1037 1424 1078 versus
1473 1015 1513 1079 9
1556 1026 1622 1080 et
1664 1016 1811 1095 379,
1856 1014 1976 1079 ubi
2021 1014 2196 1102 quod
2241 1017 2309 1078 in
2346 1015 2418 1079 F

118 1119 417 1183 traditum
462 1125 584 1198 est,
631 1119 813 1200 quod,
858 1139 981 1181 nec
1025 1118 1354 1180 senarium
1400 1115 1623 1204 explet
1654 1125 1718 1180 et
1750 1115 2063 1180 facillima
2095 1117 2397 1182 emenda-

121 1223 224 1303 tio,
265 1227 338 1286 ut
369 1219 696 1285 scribatur
725 1220 1048 1302 quidquid,
1082 1218 1557 1285 vetustioribus
1591 1218 1928 1284 codicibus
1962 1218 2399 1285 confirmatur.

123 1322 330 1402 Quare
375 1324 449 1386 in
493 1323 575 1386 iis
621 1344 876 1409 quoque
921 1322 1287 1404 sententiis,
1337 1343 1503 1408 quae
1534 1322 1604 1384 in
1632 1320 1769 1386 solo
1800 1321 1873 1384 F
1894 1330 2195 1385 servatae
2228 1332 2399 1402 sunt,

123 1424 282 1487 idem
327 1425 478 1488 vitii
522 1445 727 1508 genus
775 1423 1185 1511 subrepsisse
1229 1425 1515 1488 maxime
1560 1424 1705 1487 veri
1749 1422 1962 1486 simile
2008 1432 2128 1487 est.
2202 1423 2403 1510 Equi-

123 1527 259 1589 dem
302 1535 478 1589 certe
521 1527 592 1590 in
636 1527 980 1600 sententiis
1026 1524 1469 1611 generalibuS,
1517 1524 1740 1612 quales
1786 1534 1939 1590 sunt
1970 1523 2402 1609 Publilianae,

119 1628 222 1690 ubi
276 1629 648 1713 pronomini
702 1626 980 1692 relativo
1027 1628 1252 1692 deesse
1293 1650 1493 1691 unam
1538 1626 1862 1714 syllabam
1908 1636 2122 1712 patet,
2182 1625 2403 1690 malim

121 1730 430 1814 corrigere
470 1733 769 1813 quisquis‘,
819 1752 1011 1817 quam
1043 1730 1218 1817 quod
1246 1729 1363 1794 alii
1391 1729 1887 1812 adamaverunt,
1935 1731 1991 1794 is
2021 1731 2154 1812 qui.
2224 1729 2404 1814 Ergo

121 1833 184 1894 in
223 1855 284 1896 v.
331 1833 458 1897 618

601 1940 806 2001 Socius
843 1943 914 2014 fit
957 1943 1185 2016 culpae,
1221 1943 1322 2014 qui
1363 1945 1661 2000 ‘nocentem
1702 1941 1867 2009 levat,

120 2085 251 2151 coll.
297 2111 358 2150 v.
404 2088 528 2151 471
588 2086 847 2152 facilius
906 2089 1060 2171 erit,
1120 2091 1406 2171 quisquis
1463 2088 1809 2151 emendare
1868 2109 2062 2174 quam
2104 2087 2399 2151 sublevat.

118 2189 576 2253 Accusativum
631 2198 881 2272 tamen,
938 2211 1331 2274 quemquem,
1389 2213 1536 2254 raro
1591 2190 1943 2254 admodum
1999 2197 2380 2275 usurpatum

22 2355 24 2362 ,
117 2315 237 2355 non
277 2293 418 2356 ausi
465 2315 684 2356 sumus
732 2293 1078 2357 restituere
1124 2314 1187 2355 v.
1225 2293 1370 2357 366.
1462 2291 1564 2357 Cf.
1611 2300 1949 2379 praeterea
1993 2313 2058 2356 v.
2104 2292 2209 2355 82.
2260 2289 2401 2367 155,

20 2367 24 2460 ξ
124 2394 252 2458 1⁸14.
296 2395 443 2458 200.
491 2394 639 2458 380.

20 2560 22 2565 ,
274 2496 489 2561 Unam
547 2496 828 2584 denique
881 2498 1273 2562 emendandi
1316 2498 1495 2561 viam
1540 2498 1825 2572 editores
1872 2497 1999 2561 sibi
2044 2498 2173 2583 ipsi
2217 2519 2401 2588 prae-

20 2678 22 2689 ἶ
117 2598 455 2663 cluserunt.
547 2600 710 2663 Cum
770 2601 942 2664 enim
997 2599 1348 2664 multarum
1401 2598 1914 2687 corruptelarum
1959 2600 2143 2682 origo
2191 2621 2276 2662 ex
2319 2600 2401 2663 iis

20 2696 22 2729 ³
117 2701 459 2787 repetenda
505 2702 612 2783 sit,
660 2722 826 2787 quae
870 2702 940 2764 in
984 2700 1317 2766 codicibus
1361 2709 1477 2765 aut
1521 2704 1820 2788 proxime
1862 2701 2260 2765 antecedunt
2288 2710 2402 2766 aut

20 2794 22 2797 ’
120 2804 620 2890 subsequuntur,
680 2804 834 2890 quia
889 2801 1085 2867 facile
1139 2801 1309 2867 oculi
1353 2826 1393 2866 a
1435 2805 1654 2890 priore
1711 2826 1909 2868 versu
1952 2803 2039 2866 ad
2082 2804 2398 2891 posterio-

117 2928 239 2968 rem
293 2907 602 2971 aberrant
656 2904 765 2969 vel
821 2905 1144 2970 contrario
1201 2904 1392 2971 modo
1437 2928 1477 2969 a
1520 2904 1805 2970 librariis
1863 2916 2203 2993 peccatur,
2262 2928 2395 2971 ma-

115 3009 358 3073 luerunt
403 3007 500 3071 illi
544 3008 1015 3072 sententiarum
1057 3006 1387 3089 ordinem,
1435 3011 1563 3094 quo
1608 3010 1677 3073 in
1723 3007 2061 3073 codicibus
2107 3030 2177 3071 se
2223 3009 2397 3072 exci-

116 3113 309 3195 piunt,
357 3110 792 3182 suoarbitrio
837 3112 1190 3173 invertere.
1279 3110 1385 3174 Ita
1428 3133 1495 3174 v.
1540 3111 1669 3175 529

555 3252 670 3327 Qui
712 3224 902 3312 obesse
945 3271 1078 3311 cum
1108 3236 1315 3325 potest,
1359 3271 1484 3313 non
1524 3254 1665 3322 vult,
1699 3253 1939 3328 prodest

113 3384 428 3447 senarium
483 3381 788 3446 claudum
843 3404 1031 3447 nemo
1075 3382 1291 3446 adhuc
1334 3383 1465 3446 nisi
1509 3382 1887 3448 fortissimis
1932 3383 2239 3448 remediis
2282 3385 2419 3450 ad-·

114 3482 326 3549 hibitis
369 3485 811 3564 resuscitavit,
858 3485 1116 3571 iamque
1158 3485 1240 3548 de
1271 3485 1563 3551 sanando
1596 3483 2009 3568 diffidebant,
2059 3508 2206 3549 cum
2237 3486 2395 3553 Hal-

113 3587 269 3651 mius
323 3588 394 3650 in
455 3585 698 3655 codice,
724 3586 796 3649 F
840 3587 1206 3673 proximam
1261 3588 1653 3651 sententiam
1708 3588 1777 3650 in
1832 3609 2227 3674 praenomen
2284 3590 2398 3653 tibi

116 3686 400 3752 desinere
455 3687 1185 3779 animadvertiteoque
1240 3688 1559 3753 vocabulo
1602 3688 1830 3753 addito
1875 3712 2139 3754 versum
2184 3691 2252 3753 in
2298 3691 2393 3753 in-

115 3798 355 3872 tegrum
398 3782 709 3854 restituit.
796 3790 879 3855 V.
911 3790 1035 3853 491
1082 3790 1165 3853 de
1207 3792 1530 3877 corruptis
1562 3790 1783 3855 verbis
1804 3797 2006 3874 potest
2030 3793 2201 3856 ultus
2228 3790 2394 3855 nihil

118 3894 264 3955 certi
309 3901 562 3957 constat
606 3893 735 3956 nisi
780 3892 921 3975 hoc,
967 3902 1191 3955 natum
1238 3915 1382 3957 esse
1424 3894 1663 3957 vitium
1709 3914 1793 3955 ex
1834 3916 1897 3963 V.
1927 3894 2055 3957 492
2088 3896 2395 3976 prudenti

117 3996 322 4059 stultus
365 4000 468 4059 ete.
518 4003 584 4057 et
628 4003 934 4080 quattuor
983 4003 1239 4058 tantum
1279 3993 1517 4059 litteris
1565 3995 1762 4081 (pote)
1810 4017 1925 4081 pro
1970 3995 2392 4061 fundamento

122 4097 568 4160 emendationis
611 4095 858 4161 relictis
906 4106 1120 4161 cetera
1163 4092 1573 4161 coniecturae
1618 4106 1861 4184 patere.
1950 4097 2034 4162 V.
2079 4098 2227 4162 440.

238 4285 304 4349 *γ
327 4289 589 4337 Fortasse
625 4292 880 4353 praestat
913 4290 1028 4339 tam
1063 4290 1260 4350 certa-3,
1297 4287 1418 4338 coll.
1454 4287 1601 4340 Plin.
1638 4305 1692 4343 n.
1732 4289 1784 4339 h.
1824 4291 1903 4352 18,
1941 4290 1971 4351 ξ
1996 4291 2061 4339 29
2100 4287 2266 4339 ‘Cato
2303 4290 2419 4353 in·¹
2492 4344 2498 4349 ,

124 4371 410 4437 terrogatus
447 4374 570 4439 quis
608 4376 758 4426 esset
793 4374 1134 4425 certissimus
1173 4378 1454 4443 quaestus,
1493 4374 1801 4443 respondit:
1839 4375 1887 4426 si
1924 4374 2067 4428 bene
2103 4378 2347 4445 pascas’.
