2917 4950
834 309 1146 356 PUBLILII
1190 310 1348 358 st
1394 311 1854 359 SENTENTIAE.
2367 296 2489 362 103

366 463 506 544 Qui
549 461 780 527 ulcisci
825 462 1105 544 dubitat,
1151 462 1484 549 improbos
1531 461 1748 550 plures
1793 464 1975 530 facit.

365 565 503 646 Qui
546 565 799 648 obesse,
845 586 992 628 cum
1035 573 1272 651 potest,
1317 587 1450 629 non
1494 565 1660 647 vult,
1705 566 1974 651 prodest
2018 566 2164 631 tibi.

179 674 321 734 530
368 665 713 755 Quidquid
757 666 929 754 bono
975 664 1317 750 concedas,
1365 666 1480 730 des
1526 676 1779 754 partem
1823 667 1970 733 tibi.

364 768 564 850 Quod
604 769 857 832 nescias
905 769 1011 833 cui
1056 789 1277 833 serves
1322 767 1594 834 stultum
1639 780 1738 834 est
1782 791 2067 857 parcere.

364 870 555 952 Quae
601 869 741 936 vult
780 870 997 961 videri
1041 868 1215 935 bella
1258 871 1477 954 nimis,
1523 871 1687 935 nulli
1729 880 1948 957 negat.

362 971 500 1052 Qui
544 971 761 1054 debet,
808 971 1010 1036 limen
1054 972 1395 1040 creditoris
1441 995 1572 1037 non
1613 982 1808 1037 amat.

361 1074 499 1155 Qui
544 1083 694 1162 pote
736 1072 1091 1139 transferre
1135 1095 1441 1157 amorem,
1490 1083 1643 1162 pote
1689 1073 2032 1162 deponere.

177 1185 310 1242 535
359 1177 498 1259 Qui
542 1175 771 1264 culpae
814 1178 1096 1262 ignoscit
1141 1177 1277 1258 uni,
1326 1174 1557 1240 suadet
1603 1176 1923 1264 pluribus.

360 1278 706 1365 Quidquid
752 1277 975 1364 probis
1023 1279 1315 1365 eripitur,
1364 1279 1678 1365 improbis
1726 1279 1938 1342 datur.

287 1391 295 1400 “
357 1379 495 1461 Qui
539 1380 669 1447 sibi
711 1403 838 1444 non
887 1381 1073 1461 vivit,
1120 1379 1267 1444 aliis
1313 1381 1546 1445 merito
1593 1391 1691 1444 est
1736 1391 2048 1444 mortuus.

361 1480 705 1568 Quidquid
748 1480 824 1546 fit
868 1504 1017 1546 cum
1062 1483 1328 1565 virtute,
1374 1481 1449 1547 fit
1495 1504 1642 1546 cum
1685 1480 1917 1568 gloria.

360 1583 497 1663 Qui
540 1592 842 1671 expectat
885 1593 956 1648 ut
999 1593 1285 1668 rogetur,
1334 1583 1621 1649 officium
1665 1583 1864 1649 levat.

176 1693 312 1750 540
358 1684 493 1765 Qui
538 1686 724 1749 timet
766 1685 1068 1767 amicum,
1115 1685 1253 1748 vim
1294 1707 1426 1749 non
1469 1687 1657 1751 novit
1701 1687 2004 1750 nominis.

358 1783 495 1868 Qui
538 1796 690 1873 pote
734 1785 945 1850 celare
990 1787 1270 1869 vitium,.
1293 1788 1529 1852 vitium
1573 1809 1704 1851 non
1747 1787 1932 1851 facit.

357 1887 496 1968 Qui
540 1910 760 1953 omnes
805 1886 1081 1952 insidias
1125 1889 1331 1970 timet,
1376 1889 1447 1952 in
1491 1887 1702 1953 nullas
1749 1888 2004 1953 incidit.

358 1988 577 2068 Quam
620 1988 827 2054 malus
874 1999 994 2072 est,
1043 1989 1297 2077 culpam
1343 1992 1456 2078 qui
1501 2013 1686 2055 suam
1727 1988 1998 2056 alterius
2045 1991 2236 2057 facit!

356 2089 493 2172 Qui
538 2089 727 2156 docte
770 2092 996 2173 servit,
1044 2102 1293 2179 partem
1338 2091 1709 2158 dominatus
1755 2103 1953 2158 tenet.

172 2199 307 2256 545
358 2190 494 2272 Qui
539 2215 609 2258 se
654 2186 794 2280 ipse
837 2192 1081 2278 laudat,
1130 2195 1259 2260 cito
1305 2192 1660 2259 derisorem
1707 2197 1981 2260 invenit.
2105 2239 2136 2251 κ

353 2293 573 2374 Quam
615 2284 923 2360 miser‘um
970 2307 1089 2380 est,
1135 2296 1301 2361 bene
1345 2297 1520 2383 quod
1565 2296 1798 2362 feceris
1844 2297 2091 2362 factum
2137 2300 2342 2384 queri.

326 2388 573 2477 ’Quam
614 2396 780 2462 felix
822 2398 962 2462 vita
1006 2399 1244 2463 transit
1288 2401 1429 2464 sine
1475 2398 1788 2486 negotiis!

178 2675 457 2719 comens
502 2679 553 2717 v.
590 2660 953 2719 501-5682
1001 2662 1058 2717 F
1083 2658 1186 2736 (T)

178 2814 384 2887 accipi,
425 2812 521 2869 sed
562 2814 678 2887 rapi
722 2814 1026 2888 oportelfe',
1068 2816 1216 2871 Hor.
1249 2814 1433 2887 Epod.
1472 2814 1581 2885 13,
1614 2812 1686 2885 4,
1719 2814 1853 2870 Sen.
1891 2818 2052 2886 epist.
2088 2815 2187 2885 70,
2222 2814 2304 2869 24

179 2898 307 2955 528
355 2898 445 2971 Cf.
480 2917 527 2955 v.
565 2896 720 2971 285,
755 2901 1029 2971 proverb.
1064 2900 1141 2957 66
1326 2898 1537 2955 dubitat
1569 2898 1754 2955 ulcisci
1789 2899 2006 2955 Gruter
2205 2899 2325 2956 529
2375 2899 2472 2956 tibi

178 2985 483 3055 Halmiu8‚
536 2986 691 3057 quod
736 2988 911 3041 simili
938 2988 1111 3041 exitu
1154 3001 1356 3042 versus
1398 2988 1693 3058 sequentis
1737 2986 2006 3041 haustum
2050 3000 2175 3040 esse
2217 2987 2470 3043 videtur.-

178 3086 285 3125 om.
321 3068 401 3131 F,·
444 3068 700 3142 prodest,
745 3070 1055 3144 quicunque
1098 3069 1292 3126 obesse
1336 3086 1447 3125 non
1490 3070 1622 3133 vult,
1667 3078 2017 3143 cumpotest
2060 3070 2276 3127 Gruter
2327 3125 2331 3127 .

179 3153 307 3210 530
351 3152 601 3209 concedis
631 3154 869 3229 Inqolst.
904 3163 965 3211 at
996 3155 1076 3227 ef.
1110 3174 1157 3211 v.
1192 3154 1313 3211 512
1489 3150 1524 3187 '¹‘
1556 3154 1680 3211 des:
1728 3154 1820 3209 das
1853 3156 1934 3219 F,·
1981 3155 2061 3227 cf'.
2088 3173 2186 3229 pq.
2222 3155 2304 3214 60

180 3236 305 3295 532
352 3238 509 3293 nimis
540 3238 676 3294 nulli
708 3240 952 3296 Gruter.-
996 3241 1217 3295 nimium
1247 3239 1326 3295 illi
1356 3241 1414 3295 F
1592 3238 1715 3297 534
1759 3248 1892 3313 pote
1925 3282 1938 3295 .
1976 3282 1989 3295 .
2024 3282 2037 3295 .
2070 3250 2200 3313 pote
2234 3242 2470 3311 Gruter,

176 3330 242 3383 ut.
284 3342 333 3381 v.
367 3322 520 3379 527:
563 3332 749 3402 potest
784 3367 796 3379 .
833 3368 847 3383 .
876 3322 894 3379 '.
931 3332 1114 3399 potest
1149 3326 1206 3381 F
1398 3322 1521 3381 535
1566 3324 1754 3399 culpae
1795 3327 1906 3399 ign.
1950 3326 2043 3379 uni
2083 3326 2328 3381 Gruter.-
2379 3328 2470 3381 uni

176 3426 226 3465 c.
270 3409 384 3481 ign.
420 3408 491 3479 F,
524 3410 682 3488 unius
713 3427 759 3465 c.
792 3410 825 3464 i.
859 3402 1211 3466 Ribbeekius
1382 3409 1504 3466 536
1551 3404 1586 3443 *
1618 3409 1801 3484 probis
1847 3426 2028 3481 seqq..·
2070 3410 2328 3483 quicquid
2371 3412 2467 3466 im·

174 3491 363 3567 probis
406 3508 484 3549 er.
516 3492 676 3553 datur
705 3492 889 3567 probis
921 3496 1001 3558 F,·
1046 3512 1148 3551 om.
1183 3497 1447 3551 editores.
1539 3495 1626 3567 Cf.
1661 3496 2012 3551 Pseudosen.
2047 3496 2116 3551 de
2146 3512 2290 3551 mor.
2329 3494 2468 3566 114,

178 3578 485 3635 Cleobulus
529 3580 693 3650 apud
727 3580 1070 3650 Ausonium,
1130 3580 1249 3636 VII
1272 3580 1411 3651 Sap.
1556 3596 1565 3603 “
1607 3579 1726 3637 537
1773 3578 2026 3643 sibinon
2069 3574 2127 3654 (i.
2160 3595 2207 3634 e.
2251 3596 2324 3635 ne
2364 3580 2474 3635 sibi

176 3660 423 3736 quidem)
454 3664 512 3718 F
522 3688 537 3717 .·
580 3661 678 3718 sibi
712 3665 927 3720 minime
963 3666 1026 3736 T,
1068 3664 1169 3720 sibi
1213 3664 1374 3719 modo
1408 3668 1555 3720 coni.
1587 3665 1802 3720 Gruter
1833 3668 1962 3721 coll.
1994 3662 2315 3719 Menandri
2341 3664 2465 3719 Mo-

175 3755 324 3805 nost.
356 3746 479 3805 585
521 3734 685 3803 τοῦτ’
730 3740 855 3805 ἐστί
890 3737 955 3803 τὸ
1000 3745 1107 3821 ζῆν
1135 3740 1216 3823 μὴ
1247 3746 1476 3825 σεαυτῷ
1508 3745 1617 3820 ζῆν
1645 3744 1856 3823 μόνους
1889 3749 1953 3804 al.
1987 3764 2116 3803 mer.
2139 3748 2365 3825 Bothe.-
2396 3765 2464 3805 m.

174 3850 221 3888 a.
256 3832 314 3887 F
453 3848 581 3888 mer.
615 3834 797 3889 multis
830 3834 1097 3891 occumbit
1128 3835 1182 3891 R
1339 3833 1459 3890 539
1507 3843 1715 3907 spectat
1747 3835 1964 3890 Gruter
2119 3830 2243 3889 540
2290 3832 2380 3906 Cf.
2414 3852 2462 3890 v.

183 3916 307 3973 524
482 3916 600 3974 541
650 3928 781 3991 pote
809 3919 1053 3975 Gruter.-
1097 3927 1283 3993 potest
1312 3920 1369 3975 F
1536 3920 1744 3991 vitium,
1775 3919 1959 3973 vitium
1996 3916 2239 3973 Gruter.-
2280 3919 2464 3975 vitium

174 4003 235 4059 F
242 4026 260 4066 ,-
304 4002 397 4076 qui
427 4018 537 4058 non
567 4011 753 4075 potest
781 4022 829 4061 c.
861 4022 909 4060 v.
944 4020 1054 4059 non
1086 4004 1125 4060 s.
1162 4004 1227 4059 G.
1254 4002 1462 4078 Meyer
1634 4003 1755 4060 542
1803 4002 2026 4059 totidem
2059 4005 2248 4060 verbis
2278 4006 2467 4061 codex

173 4104 243 4158 π,
275 4087 368 4160 qui
397 4087 501 4143 inS.
536 4086 659 4160 plus
695 4097 731 4145 t.
763 4090 971 4163 capitur
1000 4090 1175 4145 miuus
1214 4090 1277 4160 T,
1309 4090 1400 4162 qui
1433 4096 1470 4144 ι.
1503 4089 1538 4144 i.
1571 4105 1620 4144 o.
1653 4106 1706 4149 n,
1739 4090 1775 4145 i.
1810 4088 2042 4145 Gruter.
2117 4088 2202 4161 Cf.
2237 4107 2288 4145 v.
2327 4088 2466 4145 116.

176 4172 298 4229 607
474 4170 597 4228 544
645 4172 731 4247 Cf.
766 4193 815 4231 v.
852 4174 969 4231 661
1006 4181 1060 4229 el
1092 4174 1262 4231 (Ideo.
1297 4172 1470 4231 Bato.
1501 4172 1660 4231 Mon.
1696 4174 1794 4245 18,
1832 4192 1925 4247 pq.
1959 4174 2036 4231 26
2080 4170 2295 4229 ‘Parere
2325 4173 2465 4230 scire

177 4274 305 4313 cum
348 4258 647 4329 imperante
690 4258 927 4332 aequalis
970 4267 1053 4313 est
1094 4258 1291 4333 gloria*
1505 4258 1629 4329 ,545
1675 4260 1788 4333 ipse
1830 4262 2156 4315 Bentleius:
2198 4258 2370 4331 ipsum
2413 4258 2470 4313 F

346 4340 468 4397 547
516 4336 551 4375 ’¹‘
584 4358 745 4417 quam
785 4342 912 4398 felix
953 4351 1084 4399 etc..·
1126 4360 1282 4417 quam
1328 4351 1413 4399 est
1454 4343 1494 4400 f.
1537 4362 1586 4399 v.
1629 4361 1765 4417 quae
1807 4345 1922 4399 sine
1965 4360 2018 4397 n.
2056 4349 2092 4397 t.
2125 4343 2208 4397 F·
2251 4361 2303 4416 q.
2339 4342 2375 4397 f.
2410 4360 2459 4398 v.
