2917 4950
961 327 1507 375 PROLEGOMENA.
2300 313 2379 376 21
2429 378 2432 384 ,

263 482 404 546 Hos
465 482 722 546 codices
781 483 839 546 si
885 477 1068 546 ‘inter
1122 505 1197 555 se
1248 503 1624 569 comparare
1681 481 1879 564 velis,
1936 480 2185 568 duplex
2242 503 2385 546 esse

31 630 41 637 -
92 595 308 672 potest
349 583 757 672 ponderandi
799 585 989 667 ratio,
1035 585 1507 650 sententiarum
1552 584 1696 650 sive
1732 585 1985 670 copiam
2030 585 2174 648 sive
2217 585 2381 648 inte-

92 688 398 772 gritatem
445 687 865 774 spectaveriS.
1614 677 1619 682 '

257 789 364 853 Ac
406 787 702 875 plerique
747 786 1032 874 quidem,
1081 810 1242 874 quos
1290 790 1432 875 ipse
1468 788 1610 852 vidi
1644 787 1825 872 (sunt
1853 797 2072 852 autem
2101 787 2383 875 amplius

92 892 392 976 viginti),
451 892 610 955 item
665 890 900 976 quibus
958 889 1242 955 editores
1297 892 1400 954 usi
1456 899 1611 954 sunt
1662 899 1918 955 tantum
1961 913 2091 954 non
2136 912 2382 973 omneS,

88 993 502 1078 paucissimis
549 994 842 1079 exeeptis
889 993 1150 1056 easdem
1196 992 1334 1057 fere
1377 993 1715 1058 cominent
1754 991 2109 1056 sententias
2144 1013 2384 1078 easque

89 1117 242 1158 vere
287 1093 696 1159 Publilianas
712 1143 731 1177 ,
789 1116 954 1180 quae
999 1095 1326 1181 incipiunt
1367 1116 1408 1158 a
1449 1093 1688 1159 litteris
1732 1093 1977 1161 A-M,
2010 1094 2095 1157 ad
2141 1092 2381 1158 ducen-

89 1208 182 1261 tas
228 1197 728 1284 quinquaginta,
777 1205 1041 1261 nostrae
1087 1197 1395 1262 editionis
1443 1219 1507 1260 v.
1554 1219 1619 1260 v.
1672 1196 1877 1261 1-34
1924 1195 2082 1280 (A),
2126 1197 2381 1260 44—78

93 1299 230 1383 (Β),
263 1298 564 1364 85-—105
597 1298 730 1385 (Ο),
771 1298 1098 1363 123-138
1133 1297 1282 1384 (D),
1319 1299 1654 1364 147—162
1686 1299 1832 1385 (E),
1870 1298 2204 1362 166—192
2234 1298 2381 1383 (F),

95 1401 427 1464 194—202
472 1400 625 1484 (G),
672 1399 1011 1465 203-223
1055 1397 1228 1486 (H),
1273 1401 1621 1466 230-263
1664 1401 1807 1486 (J),
1852 1399 2187 1464 291--301
2238 1399 2380 1483 (L),

91 1502 428 1568 309—340
481 1501 655 1587 (M),
715 1501 972 1566 litterae
1021 1501 1099 1566 N
1148 1485 1420 1591 decem„
1462 1502 1837 1585 377-386‚
1900 1523 2173 1588 quarum
2229 1500 2379 1566 ulti-

93 1627 188 1667 ma
220 1614 321 1669 est

507 1723 585 1786 N
577 1725 806 1806 eyandi
849 1744 1045 1788 causa
1089 1745 1286 1788 avaro
1330 1743 1683 1805 numquam
1726 1723 1963 1807 deficit:

93 1894 326 1959 deinde
367 1894 455 1958 ad
502 1892 861 1981 explendas
907 1892 1159 1958 litteras
1204 1893 1437 1958 N—-V
1473 1894 1731 1958 circiter
1774 1902 2035 1958 centum
2064 1894 2379 1979 quinqua-

91 2000 272 2082 ginta
315 1997 675 2061 sententias
721 2018 805 2059 ex
849 1996 1382 2060 Pseudosenecae
1418 1979 1587 2060 libro
1619 1996 1701 2060 de
1732 1995 2045 2079 moribUS,
2091 1997 2382 2082 pleniore

93 2099 264 2182 olim,
309 2121 504 2186 quam
546 2120 722 2163 nunc
763 2097 1238 2181 circumfertur,
1285 2098 1571 2163 fortasse
1611 2099 1808 2162 etiam
1850 2095 2116 2162 aliunde
2162 2119 2381 2161 excer-

21 2245 23 2248 <
93 2212 256 2287 ptas.
343 2203 536 2265 Patet
579 2200 783 2286 igitur
826 2199 1085 2266 saeculo
1130 2200 1268 2264 fere
1313 2202 1589 2287 septimo
1634 2199 1744 2264 vel
1788 2209 2018 2264 octavo
2063 2201 2379 2286 posterio-
2450 2199 2457 2220 ¹
2540 2177 2549 2188 .

93 2325 222 2367 rem
265 2312 518 2391 partem
562 2303 1036 2368 sententiarum
1063 2300 1585 2368 Publilianarum
1628 2300 2062 2384 intercidisse,
2108 2323 2267 2366 mox
2293 2302 2379 2365 ad

95 2405 575 2471 resarciendum
630 2404 940 2470 damnum
993 2404 1256 2469 additas
1313 2427 1457 2468 esse
1513 2403 1676 2468 alias
1692 2454 1710 2489 ,
1769 2403 2046 2470 morales
2102 2405 2259 2468 item
2283 2402 2289 2407 ’
2316 2413 2408 2467 et=

97 2509 354 2590 breves,
415 2506 532 2571 sed
587 2530 626 2571 a
671 2506 957 2572 Publilio
1011 2506 1282 2573 alienas.
1369 2507 1439 2571 Is
1498 2506 1791 2590 libellus,
1854 2529 2047 2594 quem
2101 2528 2380 2593 superne
2453 2540 2468 2556 κ

96 2609 422 2675 mulierem
467 2609 816 2674 formosam
859 2610 1140 2696 turpiter
1180 2620 1394 2675 atrum
1438 2610 1509 2673 in
1552 2610 1798 2697 piscem
1829 2608 2237 2674 desinentem
2266 2631 2377 2672 no-

96 2714 328 2796 mines,
387 2710 774 2776 incredibile
830 2721 932 2777 est
985 2711 1196 2795 dictu,
1254 2713 1555 2799 quotiens
1611 2710 1979 2799 descriptus
2032 2712 2137 2775 sit.
2228 2708 2379 2790 Quo

95 2837 300 2901 panno
359 2823 583 2879 assuto
639 2814 888 2879 factum
933 2836 1075 2879 esse
1118 2824 1310 2902 puto,
1367 2823 1442 2879 ut
1484 2811 1755 2878 Publilii
1797 2817 2033 2878 no'men
2075 2812 2379 2892 obscura7

97 2926 265 2981 retur
309 2925 376 2981 et
418 2914 505 2979 ad
551 2916 900 2998 Senecam,
960 2938 1153 3002 quem
1197 2914 1353 2981 libri
1399 2914 1485 2979 de
1528 2915 1817 2981 moribus
1862 2925 2193 2980 auctorem
2238 2936 2381 2979 esse

96 3018 301 3083 medio
355 3040 520 3083 aevo
576 3018 1041 3104 perhibebant,
1100 3020 1389 3083 omnium
1435 3018 1908 3083 sententiarum
1952 3018 2136 3103 origo
2178 3016 2378 3081 refer-

20 3170 23 3177 .
97 3130 284 3185 retur.
373 3119 552 3201 Quia
605 3129 854 3203 autem,
913 3143 1106 3207 quem
1161 3142 1337 3185 nunc
1390 3119 1631 3185 librum
1690 3120 1773 3183 de
1814 3121 2105 3185 moribus
2161 3120 2379 3184 dicere

99 3224 566 3305 consuevimuS,
612 3224 683 3287 in
727 3221 1062 3287 codicibus
1106 3223 1583 3309 antiquissimis
1624 3222 1985 3311 Proverbia
2026 3222 2379 3308 inscriptus

101 3335 260 3407 erat,
327 3322 601 3389 Publilii
658 3347 916 3411 quoque
974 3325 1445 3392 sententiarum
1504 3323 1705 3411 (Gell.
1756 3326 1866 3407 17,
1919 3324 2025 3409 14)
2081 3323 2378 3389 collectio

99 3426 447 3491 Proverbia
491 3426 765 3490 inscribi
809 3436 1038 3514 coepta
1081 3437 1199 3492 est.
1288 3426 1505 3496 Huius
1552 3427 1850 3493 codicum
1892 3426 2151 3513 generis
2202 3426 2377 3491 locu-

101 3527 439 3613 pletissimi
471 3538 684 3593 'testes
731 3538 884 3593 sunt
912 3529 1196 3593 Parisini
1241 3528 1370 3595 duo
1404 3528 1539 3615 (Pa
1584 3525 1648 3593 et
1694 3528 1847 3614 Pb),
1892 3529 2375 3613 Rheinaugien-

102 3631 203 3714 sis,
245 3630 651 3696 BasiliensiS.

255 3733 399 3797 Iam
454 3733 608 3797 inde
652 3754 694 3796 a
736 3732 994 3799 saeculo
1049 3733 1394 3808 undecimo
1450 3735 1575 3798 hoc
1630 3734 2099 3798 sententiarum
2143 3755 2379 3819 corpus

104 3833 176 3897 ab
205 3834 348 3899 aliis
380 3836 450 3898 in
480 3834 747 3899 brevius
780 3833 1134 3917 redactum,
1165 3813 1252 3901 ab
1281 3836 1453 3920 aliis,
1481 3837 1868 3923 praesertim
1898 3833 2156 3901 saeculo
2182 3836 2375 3900 XIV.
2476 3903 2479 3917 Ι

105 3936 437 4023 adauctum
481 3945 600 4002 est.
675 3937 780 4001 De
823 3938 1311 4003 accessionibus
1357 3938 1531 4002 infra
1576 3937 1925 4003 dicendum
1960 3938 2124 4030 erit:
2170 3941 2373 4025 epito-

107 4059 340 4103 marum
384 4039 685 4126 exempla
728 4039 1046 4127 praebent
1076 4039 1266 4105 codd.
1299 4041 1589 4123 Parisini
1617 4040 1786 4105 6085
1816 4048 1880 4104 et
1914 4041 2098 4105 1919.
2163 4038 2376 4106 Simili

110 4142 391 4226 epitome,
436 4142 632 4228 paulo
676 4152 895 4206 tamen
938 4141 1252 4228 pleniore,
1297 4166 1456 4207 usus
1501 4152 1601 4207 est
1643 4142 2031 4207 Vincentius
2076 4140 2376 4207 Bellova-

112 4244 301 4309 censis
353 4243 610 4308 saeculo
668 4243 867 4308 XIII.
959 4244 1171 4309 Affert
1227 4246 1402 4309 enim
1458 4245 1529 4309 in
1582 4244 1770 4310 libris
1815 4243 1935 4308 IV.
1984 4252 2046 4307 et
2092 4244 2173 4308 V.
2232 4266 2375 4331 spe-

113 4343 227 4408 culi
268 4345 689 4429 doctrinalisr
712 4347 876 4429 sive,
921 4354 996 4411 ut
1040 4346 1110 4410 in
1151 4345 1298 4413 aliis
1333 4345 1732 4413 editionibus
1764 4354 2161 4433 numeratur,
2195 4347 2276 4411 V.
2312 4354 2375 4410 et
