2917 4950
451 273 530 341 16
1319 289 1867 340 monitionum.

449 467 686 512 naceus
743 444 987 511 saeculi
1043 447 1220 510 noni.
1310 445 1745 511 Continentur
1786 444 1911 509 hoc
1971 443 2139 509 libro
2186 441 2639 508 commentarii
2683 441 2746 506 in

450 547 760 636 psalmos,
808 549 1052 634 scripta
1084 547 1403 633 quaedam
1431 546 1698 630 Isidori,
1730 546 2109 633 Augustini,
2142 545 2557 634 Hieronymi,
2606 567 2745 608 sen-

453 651 700 716 tentiae
732 650 922 716 Sexti
968 649 1050 714 de
1093 671 1327 734 gracco
1372 651 1442 713 in
1487 648 1761 714 latinum
1792 648 2146 713 translatae
2178 648 2294 734 (cf.
2325 670 2547 734 opusc.
2585 655 2748 710 sent.

458 763 523 818 e‘t
566 774 728 817 mor.
777 753 878 817 ed.
910 752 977 817 J.
1010 751 1201 816 Conr.
1235 750 1544 833 Orellius,
1591 750 1722 816 vol.
1756 753 1809 816 Ι.
1856 773 1966 839 pg.
1997 750 2399 836 248—253);
2446 749 2752 814 ultimum

452 855 734 940 denique
800 855 1290 941 quaternionem
1347 853 1615 940 explent
1672 851 2282 919 ‘SENTENTIAE
2328 849 2752 918 SENECAE

456 955 1088 1021 PHYLOSOPHI'.
1163 954 1244 1018 In
1273 955 1376 1019 his
1406 955 1751 1019 sententiis
1784 977 1949 1045 quae
1978 956 2222 1041 passim
2254 963 2545 1020 correcta
2578 961 2751 1031 sunt,

453 1041 766 1146 pleraque
799 1080 1072 1144 manum
1117 1056 1405 1144 produnt
1447 1055 1693 1121 saeculi
1739 1055 1827 1119 X.

620 1161 688 1248 2)
737 1160 1016 1226 Codex
1071 1159 1503 1223 Parisinus
1561 1157 1871 1224 latinus
1906 1159 2092 1224 ‚7641
2153 1158 2337 1244 (Pb).
2426 1157 2496 1223 Is
2533 1147 2755 1220 'mem-

455 1264 814 1328 branaceus
872 1260 1130 1328 saeculo
1188 1260 1440 1326 decimo
1497 1261 1713 1326 medio
1770 1261 1872 1324 vel
1921 1263 2186 1326 ineunte
2231 1261 2544 1347 scriptus,
2608 1281 2756 1323 con-

452 1365 619 1429 tinet
663 1363 984 1450 glossaria
1029 1362 1253 1446 latina,
1301 1384 1467 1449 quae
1513 1364 1853 1450 excipiunt
1896 1363 1988 1429 fol
2033 1364 2110 1429 81
2147 1385 2290 1450 sqq.
2338 1359 2755 1427 ‘SENTEN-

459 1466 681 1530 TIAE
729 1465 1084 1531 SENEGE
1117 1447 1391 1531 vaJ2
1440 1466 1615 1550 (sic).
1706 1465 1837 1529 Hic
1880 1465 2047 1530 uber
2091 1467 2218 1529 etsi
2264 1486 2409 1528 cum
2450 1463 2758 1529 Parisino

456 1568 625 1632 2676
667 1567 760 1631 ita
792 1569 1142 1654 conspirat,
1188 1576 1262 1631 ut
1303 1589 1388 1630 ex
1427 1567 1573 1654 ipso
1614 1566 1983 1655 descriptus
2026 1589 2169 1631 esse
2200 1566 2413 1630 videri
2444 1567 2757 1652 possit*),

463 1669 561 1754 (P
589 1702 673 1724 -—--
724 1691 1074 1735 consensus
1117 1671 1458 1756 utriusque
1504 1669 1777 1755 codicis)
1824 1671 2065 1734 rectius
2111 1679 2328 1733 tamen
2375 1691 2460 1732 ex
2504 1669 2758 1747 eodem,

463 1795 588 1859 quo
634 1771 840 1854 illum,
888 1771 1067 1835 fonte
1112 1770 1380 1836 ductum
1425 1780 1491 1834 et
1533 1769 1643 1833 vel
1686 1773 1928 1836 maiore
1974 1793 2234 1835 curauac
2269 1771 2618 1856 diligentia
2650 1791 2759 1832 ex·
2864 1789 2873 1800 ·

461 1883 717 1938 aratum
771 1895 914 1937 esse
959 1873 1161 1936 dicas.
1249 1873 1419 1938 Nam
1464 1871 1889 1958 aliquotiens,
1946 1874 2063 1938 ubi
2109 1873 2317 1938 codex
2359 1873 2757 1959 archetypus

463 1961 793 2064 duplicem
849 1975 1196 2040 obtulerat·
1230 1973 1607 2058 lectionem,
1666 1977 1943 2062 scriptor
1988 1975 2232 2040 codicis
2281 1975 2381 2040 Pb
2426 1974 2757 2060 religiose,

461 2102 544 2143 ne
589 2078 802 2144 dicam
848 2080 1088 2164 inepte,
1135 2085 1474 2162 utramque
1518 2075 1888 2164 descripsit,
1934 2086 2009 2142 ut
2038 2099 2102 2140 v.
2135 2078 2211 2142 91
2265 2078 2425 2168 Cum
2470 2078 2589 2143 alii
2634 2077 2756 2140 irci-

467 2185 700 2246 mieum
755 2201 934 2244 nemo
985 2181 1269 2262 qratiam
1325 2183 1453 2243 tuto
1508 2180 1670 2269 redit
1712 2180 1830 2244 alii
1873 2182 2128 2245 inimico
2174 2180 2291 2245 alii
2343 2182 2416 2244 iri
2454 2181 2757 2262 qratiam,

473 2305 539 2345 v.
593 2282 712 2345 126
757 2280 1026 2346 Dixeris
1077 2281 1408 2345 maledieta
1463 2281 1581 2345 alii
1636 2301 1777 2346 cum
1829 2284 2155 2365 inyratum
2209 2283 2482 2346 hominis
2524 2273 2761 2346 disceris

471 2385 590 2449 alii
633 2388 856 2448 cuneta
901 2384 1017 2447 alii
1060 2383 1389 2461 hominem,
1437 2392 1503 2446 et
1534 2404 1597 2444 v.
1630 2383 1755 2447 336
1800 2383 2185 2464 Malefaeere
2229 2386 2340 2466 qui
2380 2385 2527 2462 vult,
2573 2402 2760 2447 num-

475 2508 669 2570 quam
711 2507 842 2551 riori
887 2506 1146 2551 eausam
1183 2488 1429 2550 invenit
1472 2485 1589 2549 alii
1632 2506 1891 2551 eausam
1934 2489 2568 2569 numquaminvenit,
2618 2485 2759 2572 qui-

457 2590 596 2663 ,bus
643 2589 802 2653 locis
849 2589 918 2652 in
961 2589 1256 2673 margine
1301 2588 1544 2653 codicis
1594 2588 1696 2652 Pa
1742 2587 2183 2676 discrepantia
2226 2590 2587 2674 scripturae
2632 2608 2763 2650 non

473 2702 570 2757 est
615 2690 1062 2777 adnotata**).
1151 2689 1384 2776 Itaque
1428 2691 1579 2755 huic
1625 2712 1879 2777 quoque
1930 2691 2143 2755 codici
2187 2712 2577 2776 quamquam
2621 2709 2761 2753 sae-

612 2898 664 2965 *)
703 2900 858 2949 Inter
897 2898 1237 2963 corruptelas
1273 2900 1493 2963 utrique
1522 2898 1702 2949 codici
1728 2914 2041 2949 communes
2068 2898 2270 2963 dignae
2296 2902 2425 2949 sunt
2451 2906 2591 2966 quae
2617 2912 2764 2957 com·

476 2989 874 3034 memorentur:
912 2980 936 3031 i
971 2982 1160 3033 litt-era
1195 2998 1293 3047 pro
1330 2996 1357 3033 e
1390 2984 1593 3047 posita,
1629 2998 1681 3033 v.
1718 2986 1785 3034 88
1820 2981 2064 3047 imperi&
2100 2986 2199 3033 232
2234 2980 2441 3045 mestis„
2477 2984 2577 3033 313
2610 2979 2766 3032 invo-

468 3067 565 3131 εἰς,
605 3070 709 3119 322
745 3063 912 3129 timit,
948 3069 1015 3116 48
1047 3064 1293 3129 vindere,
1331 3070 1426 3117 132
1453 3064 1885 3130 diliberandum,
1925 3070 2021 3119 154
2046 3066 2291 3133 effuyire‚
2332 3069 2427 3118 185
2452 3064 2765 3117 aduliscen-

467 3151 632 3216 tiam,
679 3155 779 3203 240
813 3149 1225 3215 contumilia‘m;
1274 3146 1311 3202 e‘
1335 3168 1432 3218 pro
1469 3150 1493 3201 i
1525 3168 1577 3203 v.
1620 3155 1714 3203 147
1752 3155 1921 3218 eoqet,
1974 3154 2070 3202 168
2105 3154 2381 3215 reteneas;
2435 3152 2763 3203 metathesis

481 3238 758 3290 vocalium
805 3239 905 3288 246
937 3236 1096 3302 file-²13,
1132 3252 1284 3303 prov.
1336 3240 1432 3287 146
1459 3236 1641 3303 peyit5
1688 3239 1961 3289 vocabula
2008 3239 2148 3288 male
2194 3238 2467 3302 dirempta
2514 3239 2611 3289 155
2656 3247 2764 3287 nus

478 3336 662 3388 quam,
698 3324 798 3373 260
821 3320 916 3374 sed
952 3325 1175 3386 amnat5
1213 3324 1436 3387 gravius
1465 3328 1723 3388 corrupta
1761 3325 1824 3374 78
1850 3321 2114 3386 deomrleS,
2154 3324 2250 3374 187
2274 3335 2397 3388 φερε
2419 3319 2570 3374 redet
2593 3334 2764 3386 spere,

473 3412 572 3459 209
607 3419 725 3459 ‘nori
758 3406 1031 3472 conpassit
1068 3405 1243 3473 queri,
1279 3408 1378 3457 216
1413 3404 1680 3483 fwretiria.

573 3491 663 3559 **)
699 3492 841 3542 Aliis
889 3498 1077 3543 tamen
1123 3492 1289 3557 locis,
1334 3493 1432 3542 ubi
1476 3492 1806 3559 marginalis
1851 3493 2020 3543 lectio
2066 3495 2175 3543 iam
2218 3495 2272 3542 in
2312 3492 2499 3543 codice
2537 3490 2631 3542 Pa
2669 3492 2765 3542 ad·

473 3579 684 3644 scripta
731 3582 839 3637 est«,
893 3577 952 3627 in
988 3574 1075 3627 Pb
1122 3578 1229 3642 ipsi
1265 3577 1879 3645 sententiae-adhaesit
1923 3578 2025 3629 hoc
2070 3578 2255 3628 modo:
2301 3578 2459 3628 Prov.
2497 3579 2564 3627 24
2610 3575 2763 3642 (ante

470 3681 522 3714 v.
573 3662 711 3731 436),
759 3674 874 3713 riori
929 3658 1052 3713 dico
1107 3660 1205 3727 qui
1257 3660 1309 3712 si
1363 3658 1627 3713 cecideris
1690 3659 1786 3712 sed
1837 3660 1887 3711 si
1942 3660 2267 3714 titubaveris
2322 3661 2419 3729 qui
2476 3659 2764 3722 accideri8‚

471 3749 631 3800 Prov.
666 3750 733 3799 26
767 3745 968 3798 multos
1001 3758 1146 3799 mors
1180 3745 1396 3798 incerta
1433 3744 1531 3812 qui
1557 3744 1813 3811 prevenit
1849 3744 1947 3812 qui
1974 3746 2315 3811 praeveniet,
2351 3749 2515 3799 Prov.
2542 3749 2607 3797 28
2644 3760 2764 3797 ora--

472 3836 639 3884 torem
677 3831 774 3898 qui
809 3830 1017 3897 deputa
1050 3830 1102 3882 si
1137 3870 1149 3883 .
1190 3870 1202 3881 .
1243 3871 1253 3881 .
1285 3829 1635 3899 persuaseris
1680 3829 1779 3897 qui
1812 3834 2039 3896 reputa,
2086 3834 2245 3884 Prov.
2290 3835 2387 3883 114
2422 3828 2569 3883 Swnt
2602 3827 2766 3883 multi

475 3916 572 3983 qwi
605 3916 712 3969 alii
739 3915 995 3982 plurima
1035 3957 1045 3967 .
1086 3956 1098 3968 .
1139 3954 1152 3968 .
1192 3919 1549 3970 contemnunt
1586 3914 1692 3967 alii
1717 3914 2045 3981 plurimum.
2120 3908 2307 3981 Quam'
2333 3922 2637 3983 promptum
2676 3920 2765 3979 sit,

475 4002 614 4053 illud
652 4000 750 4067 qui
785 4003 869 4053 ita
903 4003 1277 4069 interpretari,
1314 4010 1376 4055 ut
1411 4004 1555 4055 idem
1592 4004 1783 4054 valeat
1820 4002 1960 4067 quod
1996 4000 2179 4068 aliqui
2213 4003 2302 4054 vel
2329 3999 2578 4068 quidam,
2614 4003 2766 4054 scili-

477 4092 568 4137 cet
614 4087 770 4149 libri,
817 4088 1088 4137 neminem
1136 4094 1287 4139 certe
1336 4090 1505 4155 fugit3
1564 4088 1661 4139 sed
1708 4087 1943 4139 nondum
1991 4105 2024 4138 a
2072 4088 2280 4139 criticis
2328 4086 2763 4138 animadversum

423 4197 426 4200 ·
468 4187 602 4223 ‚esse
639 4170 828 4233 credo,
877 4160 1106 4237 praefigi
1151 4176 1376 4238 saepius
1422 4177 1479 4222 in
1520 4174 1801 4224 codicibus
1836 4190 1902 4243 q,
1950 4173 2045 4224 ubi
2083 4172 2151 4223 de
2187 4173 2423 4224 veritate
2461 4171 2764 4237 scripturae

474 4258 584 4307 iam
622 4256 756 4321 ipsis
793 4255 1039 4306 librariis
1075 4272 1184 4307 non
1224 4259 1557 4321 constiterit,
1594 4260 1835 4323 itemque
1872 4260 1931 4308 in
1966 4248 2309 4323 marginibus
2335 4258 2545 4309 variam
2572 4256 2763 4307 lectio-

476 4358 598 4392 nem
628 4339 818 4391 eodem
843 4342 1002 4406 signo
1027 4343 1342 4407 praeposito
1367 4343 1557 4395 induci
1582 4344 1781 4397 solere.
1856 4344 1983 4393 Scio
2010 4344 2185 4397 multa
2211 4358 2333 4394 esse
2360 4344 2536 4406 signa,
2568 4343 2761 4407 quibus
