2917 4950
725 295 939 342 INTER
981 277 1448 344 P'UBLILIANAS
1495 293 1878 342 REOEPTAE.
2333 278 2453 342 125

326 448 545 513 Homo
590 458 808 514 tacere
854 449 967 534 qui
1008 450 1241 532 nescit,
1288 449 1499 512 nescit
1541 446 1739 533 loqui.

325 550 626 638 Honesta
669 550 844 613 fama
888 549 1119 616 melior
1161 550 1437 636 pecunia
1481 557 1598 613 est.

326 651 629 717 Honesta
672 651 783 716 lex
828 661 929 716 est
970 651 1283 739 temporis
1330 651 1708 715 necessitas·

138 763 275 821 160
327 753 691 819 Honestius
724 762 821 818 est
853 775 1001 817 cum
1031 753 1428 819 iudicaveris
1458 774 1701 836 amare,
1727 773 1920 838 quam
1951 774 2098 818 cum
2128 752 2452 815 amaveris

820 855 1133 920 iudicare.

328 957 620 1024 Humilis
667 967 731 1024 et
777 958 1007 1023 inertis
1054 967 1151 1022 est
1195 965 1338 1022 tuta
1383 958 1640 1022 sectari.

206 1066 209 1067 ⁷
328 1058 413 1124 Id
458 1083 633 1146 agaS‚
679 1082 764 1136 ne
809 1060 953 1146 quis
998 1069 1111 1124 tuo
1156 1068 1222 1123 te
1266 1061 1499 1123 merito
1545 1058 1777 1123 oderit.

328 1163 623 1246 Ignavus
670 1163 848 1226 omni
894 1170 1104 1226 cessat
1150 1161 1359 1252 omnis
1404 1169 1714 1248 tempore.

327 1263 517 1348 Ignis
561 1263 798 1350 probat
840 1286 1092 1347 aurum,
1138 1263 1441 1328 miseriae
1486 1261 1720 1328 fortem
1765 1261 2064 1348 probant.

382 1364 696 1449 Ignoscas
742 1365 889 1430 aliis
934 1364 1159 1446 multa,
1206 1363 1323 1428 sed
1366 1362 1531 1428 nihil
1576 1364 1721 1429 tibi.
2082 1368 2090 1375 ”

144 1431 275 1490 165
332 1365 717 1566 {Ignoscito
763 1489 956 1553 saepe
1000 1464 1211 1548 alteri,
1258 1488 1610 1553 numquam
1655 1465 1800 1530 tibi.

326 1570 559 1654 Imago
602 1570 807 1634 animi
852 1589 1061 1634 sermo
1110 1576 1243 1633 est:
1293 1567 1504 1655 qualis
1553 1577 1652 1632 est
1694 1568 1820 1651 vir,
1867 1566 2019 1632 talis
2065 1569 2292 1633 oratio,

329 1669 691 1756 Imperium
734 1670 978 1736 habere
1023 1671 1125 1734 vis
1170 1667 1528 1755 magnum?
1573 1670 1822 1755 impera
1864 1670 2009 1732 tibi.

328 1771 708 1837 Imbecillos
754 1772 972 1838 oculos
1020 1793 1185 1855 esse,
1232 1772 1344 1859 qui
1386 1771 1475 1836 ad
1517 1769 1798 1836 alienam
1825 1769 2286 1858 lippitudinem
2319 1770 2452 1835 suf-

819 1873 1205 1939 funduntur.

330 1977 415 2040 In
437 1974 630 2040 felice
654 1974 937 2041 felicitas
960 1985 1060 2040 est
1079 1975 1474 2056 innocentia,
1493 1975 1788 2063 nequitia
1809 1975 1953 2064 ipsa
1974 1997 2184 2062 poena
2208 1975 2309 2040 sui
2333 1984 2452 2039 est.

147 2087 279 2146 170
332 2078 419 2141 In
460 2077 779 2142 felicitate
824 2101 895 2143 se
940 2079 1193 2164 erigere
1238 2085 1337 2142 est
1380 2075 1765 2142 felicitatem
1808 2076 2209 2142 submittere.

330 2180 586 2244 Infirmi
630 2181 836 2244 animi
884 2189 983 2245 est
1027 2203 1157 2245 non
1200 2201 1395 2268 posse
1440 2177 1712 2244 divitias
1757 2180 1914 2265 pati.

330 2281 689 2347 Inhonesta
731 2303 835 2346 res
883 2291 984 2348 est
1028 2304 1179 2347 suos
1224 2283 1522 2345 vincere:
1571 2283 1732 2346 satis
1765 2290 1866 2346 est
1893 2281 2183 2368 potuisse
2212 2281 2451 2367 puniri.

330 2382 413 2446 In
456 2382 551 2446 nil
596 2384 907 2472 sapiendo
952 2385 1093 2448 vita
1136 2381 1609 2447 iucundissima
1655 2391 1774 2447 est.

329 2485 610 2552 Insanus
658 2482 869 2552 omnis
914 2487 1133 2551 furere
1178 2484 1388 2551 credit
1431 2495 1700 2551 ceteros.

152 2594 282 2655 175
336 2586 549 2652 Insita
591 2588 783 2653 nobis
826 2590 1035 2655 nostri
1079 2589 1313 2661 caritas
1362 2598 1461 2653 est
1505 2587 1816 2675 corporis.

330 2689 415 2753 In
458 2690 811 2756 sterculino
856 2690 1205 2777 plurimum
1248 2689 1459 2776 gallus
1506 2698 1740 2776 potest.

332 2790 644 2878 Intellige
690 2814 931 2879 ecquae
976 2792 1130 2875 sint,
1175 2801 1249 2857 ut
1294 2802 1358 2857 et
1400 2792 1570 2857 bene
1613 2812 1769 2876 agas
1813 2790 2006 2855 bona.

329 2893 515 2957 Inter
556 2895 799 2960 amicos
846 2893 1176 2958 iudicatur
1219 2916 1412 2982 quam
1457 2894 1758 2958 inimicos
1803 2892 2163 2957 molestius.

330 2995 412 3060 In
456 2995 805 3082 tranquillo
853 3017 996 3060 esse
1043 2996 1319 3083 quisque
1362 2994 1759 3081 gubernator
1800 3004 2036 3081 potest.

156 3105 289 3163 180
338 3096 515 3160 Iram
562 3098 672 3184 qui
717 3099 947 3182 vincit,
993 3098 1248 3163 hostem
1294 3100 1560 3184 superat
1601 3096 1979 3161 maximum.

335 3198 555 3263 Iratus
603 3220 750 3263 cum
793 3198 878 3262 ad
923 3221 993 3263 se
1036 3200 1257 3282 rediit,
1304 3199 1436 3264 sibi
1479 3207 1618 3264 tum
1659 3186 2012 3265 irascimr.'

335 3392 455 3449 157
500 3393 567 3450 F.
601 3392 675 3450 De
706 3410 842 3450 mor.
879 3393 999 3451 132
1178 3394 1297 3451 158
1344 3395 1412 3451 F.
1446 3392 1542 3449 Est
1571 3394 1909 3468 paraphrasis
1941 3409 2128 3449 versus
2162 3392 2282 3449 217

152 3478 285 3535 159
334 3479 435 3535 Ps.
584 3479 707 3536 160
754 3478 857 3535 Go.
892 3477 1018 3535 Sen.
1051 3479 1209 3553 epist.
1244 3478 1304 3550 3,
1337 3478 1406 3543 2,·
1437 3479 1505 3535 de
1536 3496 1672 3535 mor.
1705 3478 1786 3535 48
1953 3477 2070 3535 161
2119 3480 2193 3535 R.
2229 3477 2354 3534 Sen.
2388 3477 2454 3536 de

150 3562 377 3637 provid.
415 3563 474 3635 5,
510 3562 584 3618 11
764 3562 883 3620 162
931 3565 1002 3619 Ε.
1037 3564 1103 3619 (10
1134 3581 1271 3620 mor.
1307 3562 1385 3620 26
1563 3563 1682 3620 163
1727 3563 1798 3618 F.
1955 3562 2076 3619 164
2124 3564 2206 3620 Gr
2235 3580 2300 3618 ex
2329 3564 2450 3619 cod.

148 3646 328 3702 Palat.
389 3646 513 3703 Sen.
547 3647 613 3703 de
644 3648 853 3722 provid.
888 3647 947 3720 5,
984 3648 1064 3706 10
1265 3638 1385 3706 165
1432 3648 1506 3720 F,
1536 3648 1634 3703 Ps.
1669 3647 1741 3703 De
1772 3664 1910 3703 mor.
1947 3647 2089 3719 111,
2121 3646 2272 3703 Caec.
2306 3647 2448 3704 Balb.

150 3731 305 3787 Mon.
344 3732 401 3804 1,
430 3730 491 3804 4,
524 3749 617 3806 pg.
655 3732 755 3804 18,
788 3733 993 3789 Ausou.
1026 3740 1233 3807 septem
1264 3732 1387 3807 Sap.
1423 3732 1606 3788 Cleob.
1787 3732 1905 3790 166
1950 3732 2058 3788 Pn.
2091 3731 2165 3787 De
2194 3748 2331 3787 mor.
2373 3732 2452 3789 73

335 3816 455 3873 167
506 3816 605 3872 Gr.
636 3816 892 3873 Proverb.
930 3816 1073 3889 132,
1104 3834 1267 3890 supra
1296 3836 1391 3891 pg.
1427 3818 1544 3873 111
1737 3817 1858 3875 168
1907 3816 2006 3872 Go.
2042 3815 2167 3872 Sen.
2197 3816 2265 3871 de
2296 3816 2452 3874 clem.

154 3900 220 3973 2,
254 3901 317 3971 6,
347 3899 387 3955 4
594 3902 713 3959 169
762 3902 861 3959 Ge.
898 3902 965 3959 dc
994 3919 1131 3957 mor.
1167 3902 1265 3959 63.
1302 3901 1400 3959 64.
1610 3902 1732 3959 170
1778 3903 1877 3958 Go.
1911 3899 1985 3955 De
2015 3916 2152 3956 mor.
2188 3900 2266 3957 62
2415 3968 2418 3971 ἢ

158 3985 279 4041 171
331 3986 399 4041 F.
433 3983 559 4041 Scn.
594 3988 752 4060 epist.
787 3986 847 4059 5,
874 3987 916 4063 6
1094 3986 1212 4043 172
1262 3988 1362 4044 Go.
1394 3986 1469 4042 De
1499 4002 1636 4041 mor.
1673 3986 1772 4043 68.
1808 3985 1904 4043 69.
2064 3985 2186 4051 173
2232 3986 2339 4043 Bo.
2373 3986 2452 4043 Cf.

150 4070 378 4144 Proleg.
411 4088 505 4143 pg.
539 4069 619 4127 46
795 4070 917 4127 174
959 4073 1057 4128 Ps.
1088 4071 1160 4127 De
1190 4088 1328 4127 mor.
1364 4070 1442 4128 35
1620 4069 1740 4127 175
1786 4071 1852 4125 F.
2017 4069 2136 4127 176
2185 4073 2292 4128 Bo.
2325 4071 2450 4128 Sen.

150 4154 374 4229 apocol.
423 4155 482 4227 7,
516 4154 551 4212 3
673 4155 792 4212 177
838 4155 1097 4230 Scaliger.
1160 4155 1311 4212 Sexti
1338 4156 1566 4230 Pythag.
1600 4163 1740 4211 seut.
1775 4172 1804 4211 a
1831 4153 2025 4210 Rufino
2056 4155 2149 4211 lat.
2183 4171 2339 4213 conv.
2371 4155 2452 4214 49

281 4239 401 4296 178
494 4240 595 4295 Gr.
629 4239 782 4296 Caec.
817 4240 962 4297 Balb.
994 4240 1112 4297 Par.
1150 4240 1252 4314 23,
1282 4258 1375 4315 pg.
1412 4241 1490 4298 39
1685 4240 1803 4298 179
1851 4242 1962 4297 Bc.
1995 4239 2120 4295 Sen.
2154 4241 2312 4314 epist.
2348 4240 2450 4313 85,

149 4324 239 4382 43
382 4323 505 4383 180
547 4325 647 4382 Ps.
682 4326 751 4380 De
784 4342 919 4381 mor.
952 4325 1027 4383 81
1210 4326 1325 4383 181
1380 4326 1481 4383 Gr.
1515 4324 1670 4382 Caec.
1702 4326 1848 4382 Balh.
1881 4324 2024 4381 Mon.
2059 4324 2117 4397 7,
2149 4324 2210 4397 3,
2239 4344 2334 4400 pg.
2371 4325 2448 4382 21
