2917 4950
461 295 583 360 142
1362 312 1459 360 DE
1505 311 1835 362 uomens.

498 473 598 530 68.
646 465 1003 530 Inhonesta
1046 465 1325 531 victoria
1368 475 1470 532 est
1514 486 1667 531 suos
1713 465 1997 529 vincere.

499 573 599 632 69.
648 565 823 632 Satis
872 577 972 633 est
1016 589 1373 656 poenarum
1416 568 1711 656 potuisse
1755 568 1992 656 puniri.

498 676 596 734 70.
648 675 746 733 71.
795 668 1183 735 Inimicitias
1228 670 1417 736 tarde
1463 670 1744 758 suscipe,
1789 668 2124 735 moderate
2169 690 2420 754 exerce,
2465 669 2782 737 fideliter

647 770 728 836 de
776 792 922 837 one.

498 879 597 940 72.
646 795 774 940 73.p
789 874 1017 960 Imago
1061 876 1266 941 animi
1310 895 1522 940 sermo
1569 882 1699 940 est:
1748 873 1960 962 qualis
2005 875 2166 957 vita,
2213 874 2364 940 talis
2409 877 2646 944 oratio.

498 982 596 1041 74.
642 977 884 1062 Magna
924 999 1030 1042 res
1078 988 1173 1042 est
1218 977 1399 1042 vocis
1446 985 1510 1043 et
1555 975 1805 1042 silentii
1849 985 2452 1063 temperamentum.

505 1085 603 1144 75.
652 1078 784 1159 Qui
829 1099 1035 1166 aequo
1082 1080 1299 1144 animo
1343 1076 1534 1144 malis
1580 1079 2005 1160 immiscetur,
2052 1078 2259 1144 malus
2307 1088 2422 1147 est.

500 1188 595 1246 76.
643 1179 986 1246 Neminem
1055 1182 1185 1247 cito
1226 1180 1622 1248 .laudaveris
1637 1229 1656 1264 ,
1723 1181 2048 1245 neminem
2114 1182 2244 1247 cito
2302 1183 2728 1248 accusaveris
2749 1204 2771 1245 ε

652 1305 908 1372 semper
951 1293 1111 1372 puta
1152 1293 1219 1349 te
1264 1305 1481 1349 coram
1527 1283 1656 1348 diis
1702 1283 2149 1349 testimonium
2193 1283 2433 1350 dicere.

501 1393 595 1451 77.
644 1385 900 1450 Vitium
947 1395 1047 1451 est
1091 1387 1307 1452 omnia
1352 1386 1639 1469 credere,
1687 1387 1925 1451 vitium
1969 1396 2069 1452 est
2113 1385 2276 1452 nihil
2323 1386 2610 1453 credere.

499 1495 598 1553 78.
649 1487 985 1552 Utendum
1033 1496 1133 1553 est
1176 1487 1455 1571 divitiis,
1501 1510 1634 1554 non
1675 1488 2099 1554 abutendum.

498 1597 626 1654 78².
652 1589 763 1656 Sic
806 1590 982 1674 vive,
1028 1600 1103 1656 ut
1146 1612 1269 1655 nec
1311 1612 1351 1654 a
1382 1591 1830 1678 superioribus
1874 1592 2334 1676 contemnaris,
2377 1613 2500 1656 nec
2527 1591 2614 1658 ab
2645 1592 2751 1655 in-

651 1691 1003 1759 ferioribus
1048 1693 1360 1758 timearis.

502 1802 601 1860 79.
652 1793 922 1860 Nullum
966 1797 1303 1883 putaveris
1348 1796 1561 1862 locum
1607 1798 1747 1862 sine
1791 1805 1978 1861 teste.

498 1904 598 1962 80.
646 1896 1159 1963 Excusationem
1216 1899 1399 1965 vitiis
1458 1900 1594 1966 suis
1648 1919 1958 1986 quaerere
2003 1908 2102 1962 est
2146 1899 2363 1963 omnia
2409 1897 2530 1964 deo
2575 1898 2755 1966 dele-

692 2021 825 2064 are.

500 2020 893 2167 80⁸5)an
953 2103 1157 2168 vitam
1215 2103 1792 2191 quotienscumque
1837 2101 2248 2168 dubitaveris
2264 2153 2282 2186 ,
2341 2125 2427 2168 an
2483 2104 2569 2168 sit
2627 2105 2756 2167 eri-

646 2204 911 2291 pienda,
958 2209 1069 2290 **,
1117 2207 1419 2292 quonia-m
1452 2203 1608 2270 data
1655 2206 1821 2293 eripi
1863 2215 2101 2292 potest,
2149 2215 2373 2293 erepta.
2399 2204 2593 2270 reddi
2621 2228 2758 2270 non

648 2315 886 2394 potest.

448 2564 713 2645 μέμνησο
744 2564 845 2627 καὶ
878 2559 1019 2640 δοὺς
1050 2561 1361 2631 ἐπιλάθου.
1511 2572 1589 2631 68
1637 2573 1912 2629 inhonesti
1943 2575 2174 2631 codices
2326 2573 2425 2631 70.
2476 2573 2550 2630 71
2604 2573 2752 2630 Sen-

453 2661 687 2714 tentiam
731 2660 1087 2715 restituimus
1126 2660 1206 2715 ad
1240 2660 1413 2731 fidem
1457 2660 1674 2715 codicis
1712 2658 1764 2715 P
1774 2682 1792 2722 ;
1841 2658 1922 2731 G,
1967 2658 2012 2714 S
2053 2665 2108 2715 et
2153 2661 2402 2715 editores
2441 2657 2752 2715 Inimicitias

454 2743 613 2801 tarde
642 2743 881 2817 suscipe,
911 2744 1165 2800 amicitias
1197 2743 1476 2799 moderate
1507 2759 1716 2799 exerce.
1809 2743 2080 2799 vanitates
2110 2744 2360 2815 similiter
2389 2742 2620 2817 depone.

454 2827 554 2884 72.
606 2828 706 2887 73.
752 2829 993 2886 Plenius
1032 2831 1158 2887 cod.
1202 2828 1283 2893 P;
1325 2828 1510 2904 Imago
1552 2829 1711 2885 animi
1764 2844 1941 2885 sermo
1989 2836 2105 2901 cst,
2161 2828 2305 2885 unde
2345 2828 2436 2885 illa
2477 2828 2754 2885 Socratica

455 2930 578 2985 vox,
613 2913 785 2987 qualis
820 2916 1025 2986 oratio,
1058 2914 1177 2971 talis
1210 2923 1266 2970 et
1295 2915 1419 2970 vita.
1514 2914 1649 2971 Sen.
1683 2917 1850 2986 epist.
1886 2913 2038 2986 114,
2077 2914 2109 2969 1
2141 2913 2313 2987 ‘quod
2345 2912 2494 2987 apud·
2517 2912 2751 2970 Graecos

448 3000 505 3054 in
537 2998 881 3072 proverbium
913 3001 1109 3071 cessit,
1156 2998 1622 3057 talis·hominibus
1654 2999 1757 3055 fuit
1787 3001 1994 3071 oratio,
2027 3000 2200 3073 qualis
2232 3000 2386 3079 vita’·.
2443 3001 2608 3070 epist.
2647 2998 2751 3072 75,

450 3082 491 3137 4
532 3081 863 3140 ‘Concordet
904 3100 1083 3141 sermo
1125 3102 1247 3140 cum
1288 3085 1441 3140 vita’.
1491 3100 1579 3157 ep.
1615 3083 1728 3157 20,
1764 3083 1798 3138 2
1848 3081 1989 3139 ‘Non
2023 3085 2254 3140 orationi
2287 3084 2391 3139 vita
2421 3083 2752 3140 dissentiat'.

454 3167 951 3243 Schol.,Herm09.
996 3168 1049 3225 V
1072 3168 1195 3225 534
1242 3170 1427 3226 Walz.
1458 3154 1492 3223 ὃ
1524 3158 1850 3243 Σωκράτης
1879 3162 2080 3224 εἰώθει
2112 3163 2335 3243 λέγειν,
2379 3157 2504 3234 οἷος
2534 3154 2565 3223 ὁ
2595 3164 2752 3244 βίος,

338 3246 344 3249 ’
446 3250 715 3321 τοιοῦτος
744 3238 777 3307 ὁ
810 3245 1000 3328 λόγος.
1058 3254 1174 3311 Cic.
1213 3254 1383 3311 Tusc.
1420 3253 1480 3326 5,
1515 3254 1615 3325 16,
1647 3253 1748 3325 47,
1783 3254 1958 3311 Solon
1990 3272 2086 3327 ap.
2121 3255 2285 3329 Dioy.
2317 3254 2514 3311 Laert.
2553 3254 2610 3325 1,
2644 3253 2752 3326 58,

448 3339 791 3397 Leutsckius
822 3341 901 3396 ad
925 3341 1281 3412 Apostolium
1313 3338 1416 3411 12,
1444 3338 1527 3395 42
1561 3355 1612 3395 c.
1786 3334 1924 3415 vita]
1957 3341 2038 3395 vir
2068 3342 2250 3414 vulqo,
2287 3343 2456 3396 etiam
2489 3339 2536 3395 G
2567 3338 2613 3395 S

454 3422 533 3480 74
594 3426 930 3482 Vincentius
960 3426 1181 3483 Bellov.
1206 3420 1383 3497 spec.
1415 3443 1558 3482 mor.
1593 3424 1652 3495 3,
1685 3424 1744 3497 1,
1777 3423 1815 3479 4
1861 3422 2106 3491 ‘Quidam
2147 3423 2540 3499 philosophus:
2585 3422 2754 3480 Serva

450 3510 596 3565 vocis
628 3517 682 3566 et
712 3510 913 3566 silentii
948 3517 1461 3585 temperamentum3
1507 3518 1562 3567 et
1593 3511 1638 3565 si
1667 3509 1819 3583 loqui
1849 3508 2100 3580 libuerit,
2132 3510 2210 3565 sic
2241 3508 2502 3583 loquaris,
2534 3516 2597 3565 ut
2627 3510 2750 3567 aliis

451 3593 707 3651 libentius
738 3594 993 3651 audiaris’
1042 3592 1143 3669 (cf.
1178 3612 1362 3667 supra
1394 3596 1431 3667 S
1465 3595 1543 3668 9).
1723 3594 1800 3652 76
1847 3611 2061 3669 semper
2091 3603 2198 3651 etc.
2243 3613 2347 3653 om.
2394 3596 2555 3652 codd.
2588 3610 2748 3651 rece.

450 3687 505 3736 et
536 3682 691 3738 editt.
894 3697 1074 3737 coram
1106 3680 1207 3737 diis
1239 3682 1476 3737 Haase.-
1516 3696 1637 3736 cum
1670 3680 1751 3737 his
1786 3680 1832 3737 G
1863 3680 1908 3736 S
2108 3680 2183 3737 77
2234 3680 2366 3737 Sen.
2401 3684 2565 3753 epist.
2603 3680 2674 3752 3,
2706 3680 2750 3735 4

450 3760 775 3841 ‘Utrumque
819 3766 1003 3823 vitium
1048 3773 1133 3822 est
1173 3773 1227 3821 et
1272 3765 1520 3822 omnibus
1563 3764 1786 3823 credere
1827 3773 1882 3821 et
1923 3764 2098 3821 nulli’.
2277 3764 2384 3822 78²
2429 3782 2535 3823 om.
2581 3767 2749 3822 codd.

450 3866 607 3909 rece.
643 3859 697 3909 et
729 3855 883 3909 editt.
918 3851 1135 3909 Auson.
1184 3850 1304 3909 VII
1326 3848 1471 3923 Sap.
1509 3852 1569 3923 6,
1604 3851 1636 3906 1
1811 3850 1898 3907 Sic
1940 3852 2054 3905 vive
2095 3857 2155 3905 ut
2185 3854 2383 3923 recepi
2411 3866 2490 3907 ecc
2517 3850 2644 3908 PS:
2688 3859 2750 3907 ut

453 3936 499 3991 G
630 3952 730 3991 nec
760 3954 787 3991 a
820 3938 1134 3995 Erasmus:
1178 3953 1247 3993 ne
1288 3953 1319 3993 a
1359 3940 1496 3995 libri
1665 3936 1746 3994 80
1789 3938 2156 4009 Refinoeimus
2200 3952 2278 3993 ecc
2319 3938 2442 3992 cod.
2478 3935 2545 3991 P.
2639 3936 2755 4005 Qui

450 4036 514 4076 se
538 4020 671 4094 fato
703 4022 782 4077 ad
798 4038 997 4093 prava
1023 4023 1305 4095 facinora
1337 4029 1602 4081 coactum
1634 4037 1759 4078 esse
1789 4024 1945 4095 dicit3
1978 4026 2164 4078 omnia
2196 4024 2300 4079 deo
2331 4024 2596 4093 imputat,
2627 4025 2665 4078 i.
2695 4038 2744 4079 e.

450 4120 669 4163 omnem
698 4107 931 4177 culpam
960 4110 1217 4165 in-deum
1248 4109 1498 4181 confert.
1572 4108 1644 4166 In
1678 4112 1888 4165 ceteris
1917 4108 2209 4164 codicibus
2232 4107 2494 4181 fortasse
2525 4110 2749 4163 rectius

450 4195 537 4249 sic
583 4191 719 4265 fere
769 4194 1050 4263 scriptum
1095 4200 1212 4249 est.-
1266 4192 1680 4251 Excusationem
1725 4209 1986 4267 quaerere
2027 4193 2218 4249 vitium
2261 4199 2362 4247 est.
2453 4191 2640 4249 Omnia
2682 4192 2748 4248 ad

448 4277 609 4333 deum
651 4276 931 4350 relinque,
974 4280 1087 4333 nisi
1124 4280 1277 4351 quod
1308 4286 1441 4351 post
1483 4288 1567 4335 est
1587 4294 1705 4351 per
1733 4279 2180 4353 dittoyrapkiam
2211 4278 2430 4335 addunt
2459 4286 2561 4333 set.
2655 4278 2746 4350 Cf.
2838 4312 2843 4327 .

450 4362 620 4421 Sexti
646 4368 791 4419 sent.
824 4360 947 4419 374
978 4357 1226 4421 ‘Omnem
1254 4380 1468 4420 causam
1498 4364 1644 4421 refer
1674 4364 1738 4420 ad
1769 4363 1976 4421 deum'.
2094 4363 2205 4421 80a
2251 4382 2338 4421 om
2389 4364 2552 4420 codd.
2584 4377 2742 4421 rece.
2845 4370 2850 4380 “

2845 4390 2866 4659 ἒ

2859 4662 2869 4713 t
