2917 4950
467 330 546 392 10
1331 345 1877 393 PRoLEGOMsNA.

463 497 708 564 liberae
774 501 1160 564 acerrimum
1225 508 1774 588 propugnatorem
1829 497 2174 563 Caesarem
2228 495 2627 580 offendisse,
2695 505 2766 559 ut

463 603 564 668 his
616 601 869 668 verbis:

811 712 1027 780 Perre,
1075 711 1358 787 Quirites!
1401 711 1719 769 libertatem
1752 710 2071 782 perdimus.

808 813 1048 874 Necesse
1089 819 1170 877 est
1211 815 1420 872 multos
1462 814 1687 879 timeat,
1732 830 1901 885 quem
1942 813 2112 870 multi
2154 814 2370 870 timent.

460 930 634 993 unde
687 951 817 994 non
873 929 1085 992 invito
1131 928 1409 992 Caesare
1452 925 1699 989 factum
1746 946 1917 1007 esse,
1974 935 2047 989 ut
2090 926 2305 989 victus
2352 923 2763 1004 discederet,

463 1033 603 1095 iure
657 1030 1026 1116 suspiceris
1116 1028 1204 1093 Et
1259 1049 1651 1115 quamquam
1705 1026 2042 1090 infamiam
2106 1048 2405 1091 scaenam
2460 1025 2766 1109 ingressi

463 1133 633 1197 dono
686 1132 950 1213 lenivit,
1009 1130 1184 1218 quod
1241 1153 1508 1195 censum
1552 1139 1921 1216 equestrem
1963 1127 2070 1192 vel
2116 1137 2483 1216 superaret,
2550 1125 2767 1192 altera

460 1245 680 1300 tamen
742 1232 994 1298 macula
1055 1233 1493 1320 principatusz,
1561 1254 1750 1319 quem
1806 1231 2127 1296 Laberius
2192 1231 2365 1296 inter
2402 1226 2766 1295 'scaenicos

419 1348 685 1426 vpoetas
744 1336 1145 1417 obtinuerat,
1203 1333 1580 1398 labefactati
1635 1335 1965 1398 remansit.
2055 1333 2356 1419 Denique
2414 1355 2620 1420 quam
2667 1330 2763 1394 di-

463 1462 654 1503 versa
711 1438 910 1502 fuerit
962 1437 1230 1501 Laberii
1288 1446 1350 1501 et
1406 1434 1677 1501 Publilii
1731 1434 2016 1519 indoleS,
2088 1459 2171 1500 ex
2229 1435 2341 1500 illo
2396 1435 2767 1498 certamine

463 1539 703 1604 elucet:
736 1523 1091 1604 Laberium
1117 1539 1356 1604 litteris
1389 1537 1594 1602 fuisse
1624 1547 1847 1602 natum
1883 1537 2201 1619 videmuS,
2228 1559 2500 1602 scaenae
2526 1533 2762 1600 Publi-

462 1641 654 1726 lium3
702 1641 906 1724 illum,
952 1643 1022 1705 in
1068 1641 1286 1706 verbis
1331 1639 1655 1706 novandis
1684 1638 2191 1704 audacissimum
2220 1640 2497 1725 ideoque
2529 1662 2574 1702 a
2608 1636 2764 1703 Gel-

461 1744 566 1809 liis
615 1753 678 1809 et
708 1744 940 1809 Noniis
987 1745 1364 1831 saepissime
1411 1744 1703 1823 citatum,
1751 1743 1981 1807 mimos
2028 1764 2177 1807 suos
2215 1744 2293 1806 in
2337 1741 2586 1826 vulgus
2627 1738 2762 1803 edi—

463 1846 640 1911 disse
683 1848 944 1928 scimus,
990 1845 1162 1927 huic,
1212 1869 1296 1910 ex
1341 1845 1537 1932 Syria
1580 1843 1879 1925 advect0,
1928 1845 2033 1907 cui
2078 1865 2287 1908 sermo
2332 1842 2585 1907 latinus
2634 1864 2765 1905 non

463 1957 636 2014 esset
692 1950 943 2035 patrius
1000 1955 1062 2012 et
1106 1949 1400 2029 nativus,
1458 1946 1577 2009 sed
1619 1947 2191 2030 grammaticorum
2237 1945 2761 2033 praeceptis-in-

463 2050 754 2119 culcatus
769 2051 870 2132 ²¹⁶),
927 2048 1093 2113 nihil
1146 2047 1327 2115 aliud
1379 2047 1584 2113 fuisse
1627 2049 2031 2135 propositum
2076 2047 2497 2128 crediderim,
2564 2067 2760 2134 quam

461 2163 555 2236 ut,
602 2175 750 2217 cum
794 2155 936 2239 ipse
965 2150 1382 2215 archimimus
1415 2160 1610 2232 esset,
1656 2150 1911 2246 fabulas
1943 2150 2388 2239 spectantibus
2420 2149 2761 2236 probaret.

461 2256 693 2341 Itaque
747 2253 993 2317 factum
1050 2262 1180 2335 est,
1237 2264 1309 2319 ut
1368 2254 1693 2340 pertenuis
1743 2254 1881 2316 eius
1926 2253 2267 2316 mimorum
2312 2253 2634 2314 memoria
2678 2247 2761 2312 ad

462 2366 754 2444 posteros
785 2364 1273 2442 propagaretur.
1349 2355 1626 2420 Caesare
1657 2353 1927 2420 Publilii
1956 2354 2209 2418 fautore
2238 2352 2460 2417 idibus
2488 2352 2760 2416 Martiis
2822 2415 2827 2418 .

462 2459 618 2523 anni
663 2457 1146 2545 quadragesimi
1192 2459 1408 2545 quarti
1452 2456 1796 2523 interfecto
1842 2466 2101 2545 poetam
2144 2456 2391 2522 Romae
2435 2455 2759 2519 mansisse

463 2571 528 2625 et
584 2562 847 2625 ineunte
901 2582 1123 2625 mense
1183 2550 1400 2648 Aprili
1469 2561 1699 2625 mimos
1754 2561 1825 2623 in
1881 2560 2135 2624 theatro
2204 2560 2417 2643 egisse
2477 2555 2762 2621 tradidit

465 2663 693 2728 Cicero
749 2664 819 2725 in
876 2664 1066 2749 epist.
1113 2662 1199 2725 ad
1243 2663 1444 2727 Attic.
1499 2662 1608 2746 14,
1655 2670 1692 2729 2
1749 2684 1823 2727 ex
1865 2664 2085 2748 priore
2139 2661 2396 2743 epistola
2440 2660 2760 2724 theatrum

466 2764 936 2847 Publiliumque
982 2763 1106 2849 (sic
1149 2775 1325 2829 recte
1355 2765 1643 2829 restituit
1672 2763 1973 2827 Baiterus
2008 2785 2091 2825 ex
2122 2762 2446 2847 Mediceo)
2475 2762 2756 2843 semmei,

465 2858 629 2932 boua
669 2870 856 2955 siqua
900 2869 1333 2932 eouseutieutis
1375 2867 1815 2943 multitudiuis
1864 2867 1956 2929 ita
1996 2875 2067 2929 ut
2097 2863 2418 2928 Publilius
2448 2861 2755 2929 ardorem

462 2968 688 3056 populi
743 2968 1064 3033 libertatis
1121 2967 1603 3056 recuperandae
1659 2966 1880 3053 cupidi
1938 2976 2194 3031 secutus
2242 2987 2381 3029 esse
2426 2964 2757 3029 videatur.

466 3070 632 3135 Cum
690 3079 911 3134 autem
954 3070 1268 3133 Laberius
1317 3068 1569 3133 decimo
1614 3091 1835 3133 mense
1879 3078 2028 3155 post
2073 3068 2418 3133 Caesarem
2462 3066 2757 3132 Puteolis

465 3180 638 3235 esset
691 3180 984 3235 mortuus
1000 3219 1017 3251 ,
1079 3169 1403 3255 Publilius
1461 3172 1705 3236 Romae
1761 3192 2061 3234 scaenam
2119 3170 2361 3252 tenuit,
2420 3170 2604 3233 cuius
2662 3168 2757 3232 rei

463 3282 691 3337 auctor
735 3281 833 3336 est
864 3271 1307 3361 Hieronymus
1339 3273 1409 3336 in
1442 3272 1765 3338 Chronico
1808 3272 1892 3336 ad
1923 3295 1981 3336 a.
2016 3272 2134 3335 711
2171 3293 2233 3334 u.
2270 3294 2347 3353 c.,
2394 3268 2500 3334 vel
2532 3272 2755 3358 potius

467 3374 813 3440 Suetonius
870 3397 978 3460 pg.
1025 3375 1184 3459 295,
1229 3375 1314 3439 22
1360 3374 1463 3439 ed.
1509 3375 1758 3440 Rothii.
1851 3373 2133 3456 Quando
2190 3374 2396 3436 vitam
2440 3372 2755 3452 finiverit,

465 3498 596 3540 non
642 3484 914 3541 constat.

634 3576 970 3661 Insignem
1035 3578 1294 3642 laudem
1356 3578 1635 3666 adeptus
1682 3586 1803 3641 est
1864 3575 2186 3641 Publilius
2249 3576 2560 3643 brevibus
2619 3575 2751 3641 illis

467 3680 940 3761 sententiis,
1000 3678 1354 3745 moralibus
1413 3691 1477 3745 et
1534 3679 2069 3769 philosophorum
2112 3680 2477 3766 praeceptis
2525 3677 2751 3742 simili-

466 3784 608 3861 bus,
655 3783 866 3845 acutis
912 3781 1300 3869 lepidisque,‘
1343 3805 1506 3870 quas
1552 3791 1623 3847 ut
1652 3789 2185 3866 argumentorum
2216 3779 2555 3845 lasciviam
2593 3777 2751 3871 mol-

601 3973 654 4035 *)
695 3974 758 4021 In
793 3972 1075 4022 mimorum
1120 3973 1366 4038 prologis
1404 3990 1471 4025 ac
1508 3972 1749 4039 dialogis
1784 3973 2082 4023 Laberium
2119 3972 2367 4021 imitatus
2404 3970 2577 4021 verba
2615 3986 2756 4020 com-

467 4059 649 4121 posita
684 4057 777 4106 hic
813 4055 932 4106 illic
967 4057 1172 4121 primus
1209 4056 1431 4107 finxisse
1467 4058 1711 4121 videtur,
1749 4075 1831 4109 ex.
1869 4074 1950 4123 gr.
1964 4053 2406 4123 pietaticultrix,
2443 4053 2755 4121 yraeilipeS,

469 4142 564 4192 sed
610 4144 669 4191 in
715 4141 1006 4199 sententiis
1052 4157 1186 4206 puro
1235 4158 1293 4192 se
1341 4145 1578 4193 sermoni
1625 4143 1965 4207 adplicabat.
2038 4141 2121 4192 cf.
2165 4142 2331 4192 etiam
2375 4140 2592 4203 Plinius
2637 4143 2751 4189 nat.

466 4228 594 4277 hist.
619 4230 669 4291 8,
709 4228 888 4289 §2092
927 4223 1170 4277 Publilii
1192 4224 1482 4277 mimorum
1509 4230 1706 4292 poetae
1740 4242 1893 4290 eeua,
1920 4229 2215 4292 postquam
2248 4223 2563 4277 servitutem
2598 4237 2752 4276 exue-

465 4314 588 4374 rat,
624 4309 787 4361 nulla
821 4314 1154 4362 memoratur
1186 4309 1306 4363 siue
1342 4309 1660 4375 abdomine,
1704 4309 1871 4363 etiam
1905 4308 2165 4361 vocabulo
2198 4308 2437 4361 suminis
2472 4308 2541 4361 ab
2570 4323 2635 4361 veo
2669 4306 2753 4358 iu-

458 4394 657 4464 posite.

2888 4284 2890 4347 ι
