2917 4950
955 320 1505 372 PRoLEGOMENA.
2296 306 2375 369 19

105 478 256 542 Nam
310 479 464 542 inde
517 478 603 542 ab
659 467 770 542 illo
826 476 1084 542 saeculo
1129 478 1347 542 omnia
1393 487 1456 541 et
1506 475 2084 564 interpolationum
2128 485 2192 541 et
2235 461 2372 540 cor-

102 579 482 667 ruptelarum
526 602 768 666 genera
809 578 976 644 adeo
1020 578 1469 662 invaluerunt,
1514 589 1587 644 ut
1631 578 2053 642 diversitates
2098 578 2373 665 scriptu-

101 704 198 745 rae
240 681 531 746 indicare
573 683 767 747 nimis
811 681 1156 768 molestum
1199 683 1307 747 sit.
1392 682 1499 747 Ut.
1529 692 1747 745 tamen
1790 681 2107 766 exiguum
2146 678 2375 745 saltem

101 783 260 848 illius
305 785 742 872 corruptionis
789 785 1055 848 'daretur
1087 785 1453 870 specimen,
1500 784 1975 871 discrepantias

255 887 370 974 10),
412 887 725 951 codicis
783 887 1142 951 Parisini
1198 885 1310 950 lat.
1364 885 1533 950 8049
1576 884 1691 972 (Ο)
1748 907 1867 972 per
1920 894 2209 949 saturam
2265 883 2373 946 de-

99 998 342 1075 cerptas
388 990 458 1053 in
502 989 987 1053 adnotationem
1018 988 1314 1052 criticam
1340 989 1725 1075 recepimus.
1814 987 1881 1052 Is
1913 988 2145 1069 codex,
2175 1009 2371 1051 mem-

101 1091 463 1173 branaceuS,
513 1113 594 1155 ex
626 1088 1070 1178 compluribus
1103 1089 1433 1154 fasciculis
1465 1091 1886 1177 composituS,
1924 1089 2377 1176 complectitur

101 1191 381 1257 Persium
435 1215 584 1256 cum
629 1191 928 1276 scholiiS,
992 1192 1405 1276 Petronium,
1464 1191 1797 1257 Ciceronis
1842 1192 1926 1256 de
1970 1192 2376 1255 divinatione
2482 1237 2487 1244 ·

100 1294 522 1380 fragmentum
581 1292 836 1359 saeculo
893 1294 1146 1361 decimo
1204 1303 1577 1378 exaratum;
1643 1295 1713 1357 in
1758 1293 2013 1362 ‚ultimis
2058 1293 2373 1358 duodevi-

101 1398 249 1479 ginti
295 1397 474 1462 foliis
520 1396 712 1461 homo
754 1396 993 1482 aliquis
1040 1396 1272 1463 doctus
1318 1395 1577 1462 saeculo
1621 1397 1759 1459 fere
1804 1395 2004 1460 XIII.
2050 1417 2133 1458 ex
2180 1395 2375 1460 Sene-

101 1520 200 1561 cae
225 1497 977 1585 potissimum‘dialogis,
1024 1499 1346 1585 epistulis,
1386 1499 1770 1584 tragoediis,
1804 1521 1889 1562 ex
1918 1499 2376 1563 controversiis

103 1601 370 1664 Senecae
415 1602 653 1687 patriS,
712 1623 796 1664 ex
840 1600 1008 1665 libro
1054 1601 1137 1664 de
1180 1600 1503 1684 moribuS,
1551 1622 1635 1664 ex
1676 1598 1962 1664 Caecilio
2005 1598 2247 1682 Balbo,
2296 1623 2378 1664 ex

103 1703 354 1767 Catonis
414 1701 870 1786 monostichis,
932 1702 1214 1789 denique
1272 1725 1357 1767 ex
1402 1701 1687 1767 Publilio
1742 1703 2077 1788 ingentem
2122 1712 2376 1767 senten-

100 1805 322 1869 tiarum
363 1805 765 1890 farraginem
808 1806 1082 1871 corrasit
1127 1826 1362 1892 easque
1411 1843 1480 1853 --
1530 1827 1800 1878 numero
1846 1804 1973 1868 duo
2016 1805 2155 1867 fere
2197 1805 2379 1868 milia

105 1945 167 1954 —
213 1908 296 1972 ad
352 1906 668 1972 ordinem,
705 1907 1040 1994 alphabeti
1081 1907 1394 1992 digessit.
1485 1905 1758 1971 Publilii
1810 1908 2169 1972 sententiae
2211 1905 2379 1970 aliae

102 2009 174 2070 ad
217 2009 561 2074 arbitrium
605 2010 1004 2091 immutatae,
1053 2010 1493 2075 subobscurae
1524 2019 1588 2074 et
1614 2011 2053 2126 corruptiores
2084 2008 2380 2073 consulto

103 2113 392 2193 omissae,
452 2111 622 2175 aliae
677 2111 960 2198 denique
1014 2135 1132 2199 pro
1185 2110 1448 2177 modulo
1494 2121 1561 2176 et
1612 2112 1876 2196 ingenio
1933 2111 2214 2177 hominis
2259 2110 2379 2174 lin-

103 2235 256 2297 guae
294 2213 538 2278 latinae
582 2236 714 2279 non
758 2215 1081 2302 imperiti,
1127 2214 1245 2278 sed
1289 2215 1503 2279 invita
1546 2212 1894 2301 pleraeque
1937 2212 2239 2277 Minerva
2281 2235 2377 2276 re-

102 2314 274 2380 fictae
321 2326 496 2382 sunt.
565 2331 588 2342 ’

256 2419 578 2485 Ultimum
635 2440 1066 2485 commemoro
1138 2420 1244 2507 11)
1293 2417 1649 2484 codicem
1708 2409 2377 2503 Bambergensem

106 2522 328 2585 saeculi
358 2521 560 2585 XIII.
606 2543 647 2585 a
691 2521 1019 2587 Gulielmo
1064 2522 1335 2611 Meyero
1378 2521 1673 2609 Spirensi
1717 2520 2224 2606 diligentissime
2268 2521 2378 2584 de-

106 2626 512 2710 scriptum-et
555 2622 740 2705 mihi,
787 2646 915 2710 qua
957 2624 1070 2688 ille
1116 2633 1216 2689 est
1260 2624 1695 2706 officiositate,
1741 2623 2217 2707 transmissum,
2263 2624 2379 2688 sed

105 2725 189 2788 ita
233 2736 641 2814 corruptum,
700 2735 775 2790 ut
829 2725 1262 2791 deterioribus
1318 2725 1507 2791 libris
1565 2726 1652 2791 sit
1706 2723 2264 2791 adnumerandus:
2324 2728 2379 2789 si

109 2849 221 2912 qua
262 2830 447 2893 offert
491 2829 810 2916 speciosa,
858 2827 1033 2893 haud
1080 2828 1281 2892 dubie
1322 2849 1541 2893 merae
1585 2828 1998 2905 coniecturae
2038 2826 2381 2892 debentur.

108 2927 277 3007 Quae
317 2930 483 3008 mihi
528 2932 657 2995 fuit
702 2953 899 2995 causa
943 2931 1104 2995 satis
1149 2930 1404 3013 idonea,
1452 2952 1568 2995 cur
1607 2930 1676 2995 in
1704 2928 2126 2994 adnotatione
2157 2931 2382 2994 critica.

106 3034 498 3116 paucissimis
543 3041 796 3099 tantum
842 3033 1003 3099 locis
1051 3033 1189 3099 eius
1240 3032 1524 3096 facerem
1571 3033 1991 3098 mentionem.
2078 3032 2379 3100 Prudens

108 3132 346 3199 silentio
408 3136 822 3222 praetermisi
888 3133 1182 3199 codicem
1248 3134 1586 3199 Cusanum
1652 3132 1915 3198 saeculi·
1956 3133 2120 3197 XII.
2188 3154 2382 3221 quem

18 3234 20 3237 ’
109 3234 434 3324 descripsit
464 3237 509 3302 J
513 3237 792 3324 osephus
823 3236 1026 3300 Klein
1054 3237 1125 3300 in
1153 3236 1320 3301 libro
1351 3236 1671 3322 inscripto
1703 3234 1950 3300 ‘Ueber
1980 3238 2126 3300 eine
2149 3235 2378 3301 Hand-

112 3336 322 3402 schrift
381 3338 497 3402 des
555 3337 866 3404 Nicolaus
923 3338 1307 3423 von-CueS,
1362 3337 1581 3403 Berol.
1633 3338 1843 3420 1866’,
1901 3339 2068 3403 sicut
2124 3337 2382 3403 codices

113 3436 420 3506 Parisinos
477 3436 736 3529 aliquos
791 3440 1038 3505 saeculi
1083 3440 1272 3506 XIV.
1317 3442 1473 3527 quia
1528 3439 1754 3504 critico
1804 3438 1970 3504 nihil
2016 3462 2101 3504 ex
2154 3440 2237 3505 iis
2282 3462 2379 3503 re-

115 3538 341 3608 dundat
384 3542 551 3607 lucri
565 3546 651 3632 ³¹²).
740 3544 963 3609 Unum
1011 3544 1245 3629 excepi
1273 3551 1474 3629 atque
1504 3540 1589 3605 ad
1619 3539 2043 3607 illustrandos
2076 3565 2141 3607 v.
2173 3542 2381 3608 636-

115 3640 215 3706 651
258 3646 325 3709 iu
367 3656 586 3732 partes
631 3647 870 3711 vocavi
1914 3660 1918 3664 '

263 3748 366 3833 12)
415 3746 778 3812 codicem
842 3747 1298 3811 Parisinum
1352 3745 1489 3810 lat.
1546 3744 1749 3829 8027,
1815 3745 2380 3809 membranaceum

121 3848 333 3911 saeculi
366 3849 555 3914 XIV.
592 3850 723 3936 (π),
769 3849 945 3914 haud
991 3851 1298 3935 ignorans
1347 3849 1485 3912 eius
1530 3849 1986 3913 auctoritatem
2030 3846 2381 3912 admodum

122 3966 240 4012 esse
282 3960 666 4039 suspectam.
755 3951 1193 4016 Continentur
1239 3951 1412 4013 enim
1456 3947 1568 4013 fol.
1602 3949 1685 4013 89
1714 3972 1811 4036 sq.
1860 3950 2147 4013 Senecae
2191 3949 2384 4013 ‘liber

123 4045 189 4109 tle
237 4053 512 4117 moribus
572 4053 679 4117 vel
735 4053 1084 4141 disciplina
1139 4075 1255 4116 seu
1308 4050 1514 4116 libero
1560 4052 1858 4116 arbitrio’
1918 4061 1983 4115 et
2040 4051 2383 4115 ‘Eiusdem

237 4204 287 4272 *)
322 4188 584 4261 Codicem
612 4210 846 4262 Publilii
880 4209 1280 4261 >sententiarum
1319 4207 1544 4259 saeculo
1580 4208 1648 4262 X.
1686 4208 1976 4274 scriptum,
2015 4208 2108 4273 qui
2144 4222 2290 4259 nunc
2326 4207 2382 4255 in

124 4284 430 4345 bibliotheca
465 4296 631 4346 Firm.
669 4296 884 4345 Didotii
922 4299 1268 4358 asservatur,
1318 4299 1706 4346 commemorat
1742 4293 1951 4345 Theod.
1990 4294 2379 4354 MommsenuS,

126 4369 243 4424 Mus.
278 4378 442 4429 Rhen.
479 4380 586 4431 vol.
626 4380 830 4430 XVIII.
868 4396 960 4445 pg.
997 4382 1114 4431 594.

1905 4466 1975 4512 2*
