2917 4950
802 345 1115 393 PUBLILII
1160 345 1318 394 srm
1364 345 1824 395 senmurum.
2287 365 2296 376 ,
2370 329 2454 394 99

146 508 282 565 480
326 499 696 565 Paucorum
743 509 841 563 est
884 498 1286 584 intellegere,
1333 498 1496 586 quid
1541 499 1737 564 donet
1783 497 1948 563 dies·

328 597 625 664 Perenne
671 600 1047 687 coniugium
1090 603 1363 682 animae,
1409 624 1541 665 non
1585 623 1816 688 corpus
1862 601 2044 665 facit.

328 702 657 767 Pereundi
703 705 872 766 scire
915 713 1171 790 tempus
1216 703 1484 768 assidue
1529 712 1628 766 est
1671 704 1856 767 mori.

328 805 593 870 Potenti
636 805 833 870 irasci
878 804 1008 869 sibi
1052 803 1369 892 periclum
1414 813 1514 869 est
1559 827 1891 891 quaerere.

327 906 611 970 Peccare
656 910 847 994 pauci
890 906 1145 989 nolunt,
1189 905 1721 972 nulli-nesciunt.

146 1016 279 1074 485
327 1008 696 1073 Paucorum
738 1009 1125 1096 improbitas
1170 1009 1499 1072 universis
1545 1007 1904 1075 calamitas.

326 1111 456 1175 Pro
490 1110 781 1192 dominis
827 1132 1099 1198 peccare
1144 1112 1339 1176 etiam
1385 1111 1652 1175 virtutis
1696 1110 1838 1177 loco
1885 1123 2004 1176 est.

326 1211 648 1278 Patiendo
692 1213 899 1278 multa
943 1215 1238 1297 veniunt,
1286 1235 1453 1300 quae
1496 1235 1782 1300 nequeas
1828 1216 1987 1300 pati.

328 1314 606 1381 Paratae
651 1313 957 1379 lacrimae
1001 1316 1302 1398 insidias,
1349 1337 1482 1379 non
1524 1315 1744 1380 fletum
1783 1314 2098 1381 indicant.
2147 1389 2153 1396 ,

328 1417 679 1481 Peccatum
725 1423 1087 1500 extenuat,‘
1112 1419 1223 1504 qui
1268 1415 1568 1480 celeriter
1611 1419 1902 1502 corrigit.

148 1525 287 1584 490
333 1519 660 1582 Pudorem
702 1518 944 1583 habere
988 1521 1273 1584 servitus
1320 1517 1797 1605 quodammodo
1845 1530 1961 1584 est.

327 1620 491 1685 Pote
540 1670 554 1684 .
604 1669 619 1683 .
670 1668 684 1684 .
730 1622 799 1684 in
844 1621 1141 1686 adversis
1186 1643 1540 1708 numquam
1585 1619 1889 1686 felicitas.

240 1715 277 1726 ”
324 1720 679 1786 Prudentis
724 1709 945 1788 vultus
992 1725 1189 1788 etiam
1226 1724 1550 1813 »sermonis
1596 1721 1739 1788 loco
1785 1733 1902 1787 est.

327 1823 542 1889 Probo
588 1823 977 1889 beneficium
1023 1827 1132 1913 qui
1180 1821 1316 1909 da‘t,
1363 1847 1447 1889 ex
1492 1834 1679 1912 parte
1721 1826 1987 1912 accipit.

327 1924 587 1990 Pudore
633 1948 822 2012 quem
866 1950 997 1992 non
1040 1927 1273 2008 flectis,
1320 1949 1450 1992 non
1496 1927 1742 2013 frangit
1786 1928 2002 1992 timor.

145 2035 283 2093 495
328 2026 548 2108 Poena
591 2027 934 2111 allevatur,
980 2029 1096 2094 ubi
1139 2028 1478 2094 relaxatur
1522 2029 1730 2094 dolor.

236 2118 245 2124 ’
328 2127 560 2194 Plures
605 2132 772 2215 tegit
815 2131 1098 2214 fortuna,
1147 2153 1339 2218 quam
1383 2140 1560 2196 tutos
1604 2131 1789 2195 facit.

211 2231 251 2268 ·'
329 2231 488 2296 Post
531 2232 963 2297 calamitatem
1010 2219 1323 2299 memoria
1365 2231 1498 2296 alia
1542 2243 1641 2297 est
1686 2232 2042 2297 calamitas.

117 2545 448 2609 ⁸comens*
470 2548 522 2587 v.
554 2529 920 2589 450—5002
964 2532 1031 2587 F·
1047 2528 1149 2603 (T)

329 2682 456 2741 480
494 2678 531 2717 *
564 2684 759 2741 donet:
818 2683 911 2740 det
952 2684 1034 2755 F,
1080 2684 1167 2740 cui
1214 2683 1307 2739 det
1351 2682 1599 2754 Gruter,
1646 2683 1788 2740 celet
1829 2686 2210 2757 RibbeckiuS,
2263 2686 2455 2741 doceat

150 2767 317 2841 (dies)
350 2768 410 2826 G.
443 2768 693 2833 Meiser3
740 2769 819 2841 cf.
855 2770 933 2825 ad
974 2787 1025 2825 v.
1056 2767 1181 2825 467
1354 2763 1390 2801 *
1422 2767 1536 2823 dies
1581 2726 1654 2825 ’eL
1696 2788 1744 2826 v.
1783 2769 1948 2826 137:
1982 2770 2116 2825 deus
2148 2771 2205 2826 F
2231 2768 2454 2843 (eadem

149 2856 497 2928 corruptela
530 2873 579 2910 v.
618 2852 793 2926 632);
840 2853 995 2909 decet
1039 2853 1171 2910 deos
1204 2832 1443 2927 Inyolst
1647 2852 1770 2910 482
1817 2872 1870 2928 p.
1905 2863 1946 2909 t.
1983 2873 2027 2910 S.
2065 2863 2149 2911 est
2179 2856 2318 2910 mori
2348 2854 2453 2910 fre·

148 2938 513 3011 quentissime
550 2940 601 2993 T
764 2936 887 2995 483
934 2938 1195 3012 periclum
1234 2939 1556 2995 Bentleius:
1599 2939 1899 3012 periculum
1930 2941 2011 3003 F,·
2055 2941 2192 3013 petit
2224 2941 2315 3013 qui
2349 2941 2453 2994 ira·
2503 3008 2508 3012 ι

154 3024 333 3077 scitur
373 3024 673 3095 periculum
715 3022 815 3079 sibi
861 3039 1123 3097 generare
1172 3025 1222 3080 T
1333 3022 1512 3079 -484
1558 3023 1714 3078 multi
1757 3028 1902 3080 coni.
1951 3026 2168 3081 Gruter
2208 3028 2280 3080 cl.
2319 3025 2455 3081 Sen.

152 3112 325 3179 epest.
348 3107 451 3179 90,
466 3108 548 3165 46
582 3091 835 3164 multun‘]
866 3109 1095 3164 interest
1125 3116 1305 3163 utrum
1338 3124 1560 3181 peccare
1581 3106 1782 3181 ‚aliquis
1813 3110 1949 3165 nolit
1979 3127 2045 3165 an
2070 3110 2292 3165 nesciat.
2323 3106 2453 3165 etc?

326 3191 451 3250 485
497 3193 765 3249 calamitas
806 3194 1067 3266 Inyolsta
1107 3200 1192 3249 est
1233 3193 1331 3248 cal.
1365 3193 1422 3248 F
1588 3191 1716 3249 487
1757 3192 2040 3269 patiendo]
2086 3195 2174 3268 Cf.
2223 3213 2269 3251 v.
2306 3194 2448 3251 238.

156 3276 307 3334 535.
396 3277 651 3335 Patientia
686 3278 747 3335 G.
782 3278 1015 3351 Meyer,
1047 3278 1299 3353 patiendo
1333 3295 1403 3331 m.
1439 3277 1580 3333 haud
1611 3296 1658 3332 v.
1694 3278 1896 3354 Mc'z'hly
2077 3279 2200 3336 488
2247 3280 2452 3335 luctum

152 3362 349 3419 Bothe
534 3361 658 3419 489
707 3365 799 3436 qui
840 3362 907 3417 de
959 3362 1107 3418 brevi
1149 3363 1496 3418 commissum
1539 3362 1878 3420 commendat
1919 3363 2050 3438 (leq.
2094 3362 2360 3435 emendat)
2409 3364 2460 3420 T

326 3446 454 3505 490
498 3447 590 3520 Cf.
625 3447 746 3504 583
962 3446 1081 3503 491
1130 3456 1263 3521 pote
1306 3450 1395 3504 vel
1435 3454 1620 3520 potest
1664 3490 1677 3503 .
1726 3490 1738 3503 .
1783 3452 2024 3520 scripsi.-
2079 3457 2264 3523 potest
2305 3449 2452 3504 ultus

153 3533 227 3603 F,
274 3539 612 3604 corruptum
654 3548 734 3588 ex
764 3551 815 3588 v.
848 3530 1003 3601 4923
1049 3533 1191 3606 perit
1222 3534 1395 3587 omnis
1426 3531 1662 3605 Mc'z'lzly,
1705 3535 1948 3606 potentia
1980 3536 2214 3608 Inyolst.
2246 3535 2453 3608 patiens

150 3618 436 3673 Pithoeus
628 3616 751 3673 492
796 3616 1081 3690 prudentis
1122 3617 1306 3673 vultus
1348 3620 1498 3673 coni:
1546 3618 1788 3673 Gruter.-
1843 3619 2096 3692 prudenti
2137 3619 2339 3674 stultus
2381 3618 2453 3689 F,

151 3701 420 3776 prudenti
460 3701 646 3757 vultus
692 3703 879 3759 Bothe
1060 3702 1181 3758 loco
1228 3710 1313 3758 est
1356 3706 1504 3759 coni.
1552 3701 1800 3759 Gruter.-
1845 3705 1996 3759 iocus
2041 3711 2123 3759 est
2164 3705 2244 3765 F,·
2289 3703 2372 3774 cf.
2405 3720 2454 3758 v.

151 3786 285 3844 486
458 3785 582 3843 494
630 3781 665 3819 *
697 3787 911 3860 pudore
940 3804 1099 3859 quem
1130 3804 1242 3862 non
1272 3786 1443 3843 flectis
1479 3785 1681 3862 (flectas
1694 3785 1767 3858 ?):
1813 3788 1990 3862 pudor
2021 3806 2073 3861 q.
2102 3794 2154 3843 n‘.
2187 3786 2357 3841 flectit
2378 3787 2454 3858 F,

152 3890 209 3945 p.
250 3889 303 3945 q.
338 3871 523 3927 nullus
558 3867 731 3927 flectit
758 3872 991 3945 Mtihly,
1032 3890 1088 3946 p.
1122 3889 1176 3945 q.
1208 3889 1320 3928 non
1349 3870 1582 3928 reflectit
1612 3873 1820 3943 Bothe,
1852 3889 1905 3945 p.
1940 3887 2315 3945 quemcunque
2344 3888 2456 3927 non

152 3958 353 4028 flectit,
386 3956 601 4031 frangat
635 3964 672 4011 t.
710 3956 944 4013 Gruter.
1024 3956 1111 4030 Cf.
1144 3976 1193 4013 v.
1227 3955 1371 4029 553,
1403 3974 1589 4027 supra
1611 3976 1713 4031 pq.
1751 3956 1830 4013 58
1863 3964 1918 4012 et
1954 3958 2180 4012 Terent.
2215 3955 2454 4029 Adelph.

156 4042 215 4113 1,
256 4042 313 4113 1,
346 4040 425 4113 32
469 4032 707 4097 ‘Pudore
748 4051 803 4097 et
843 4041 1164 4097 liberalitate
1206 4040 1405 4097 liberos
1435 4040 1690 4097 Retinere
1735 4042 1903 4097 satius
1947 4058 2066 4098 esse
2098 4042 2262 4098 credo
2295 4059 2453 4116 quam

150 4126 351 4181 metu?
524 4125 647 4182 495
695 4126 955 4182 allevatur
987 4126 1230 4183 Gruter.
1275 4125 1485 4182 levatur
1514 4127 1572 4180 F
1737 4125 1827 4182 ubi
1857 4126 2127 4183 relaxatur
2153 4125 2454 4184 Halmius.-
2525 4138 2539 4169 ¹

152 4210 251 4266 ubi
281 4210 490 4266 laxatur
520 4212 593 4282 F,
629 4219 757 4266 tunc
787 4210 879 4266 ubi
908 4210 1143 4284 l.vu190
1330 4210 1455 4268 496
1501 4210 1638 4305 legit
1667 4212 1856 4269 Bothe
2037 4211 2164 4267 facit
2193 4212 2456 4285 Inyolsta

148 4296 320 4351 faciat
348 4296 405 4351 F
570 4295 694 4353 497
742 4296 1018 4353 Menand.
1049 4294 1296 4353 Monost.
1327 4294 1451 4351 435
1485 4282 1556 4351 οὐ
1599 4284 1711 4373 χρὴ
1742 4290 1948 4372 φέρειν
1987 4288 2058 4351 τὰ
2087 4290 2358 4371 πρόσθεν
2389 4288 2454 4351 ἐν

148 4396 364 4458 μνημῃ
394 4370 571 4439 κακά.

1971 4478 2000 4525 7
2011 4474 2045 4508 *e
