2917 4950
386 264 505 328 106
1015 276 1326 326 mmmm
1370 276 1530 326 sym
1575 275 2031 326 senmurum.

386 441 513 498 570
553 432 679 496 Rei
722 429 887 496 nulli
930 427 1195 518 prodest
1238 450 1421 494 mora
1462 429 1591 494 nisi
1635 429 2031 494 iracundiae.

549 535 725 599 Reus
770 534 1077 598 innocens
1120 531 1470 614 fortunam,
1515 553 1648 596 non
1688 540 1922 598 testem
1965 533 2174 598 timet.

548 638 795 702 Rarum
840 656 983 700 esse
1024 642 1300 721 oportet,
1348 632 1523 720 quod
1567 632 1682 721 diu
1725 655 1945 698 carum
1989 633 2177 700 velis.

548 741 807 825 Rapere
850 744 950 800 est
992 737 1286 822 accipere
1328 735 1502 822 quod
1544 748 1675 800 non
1719 737 1932 823 possis
1977 734 2273 800 reddere.

548 841 827 925 Regnat,
871 859 1003 904 non
1046 838 1314 923 regitur,
1342 837 1475 924 'qui
1517 836 1614 902 nil
1655 837 1784 903 nisi
1831 837 2005 925 quod
2050 837 2196 902 vult
2239 838 2420 902 facit.

385 951 505 1009 575
552 939 974 1007 Rivalitatem
1018 959 1150 1004 non
1193 948 1367 1004 amat
1410 939 1708 1005 victoria.
2215 961 2224 966 ’

548 1045 878 1110 Ruborem
920 1043 1130 1109 amico
1177 1050 1484 1108 excutere
1525 1041 1806 1106 amicum
1851 1050 1951 1106 est
1994 1041 2288 1128 perdere.

546 1147 696 1212 Rex
738 1155 882 1211 esse
923 1143 1149 1227 nolim,
1193 1154 1267 1210 ut
1312 1165 1454 1208 esse
1498 1141 1780 1208 crudelis
1825 1143 2044 1211 velim.

544 1251 675 1315 Res
719 1256 961 1336 quanto
1007 1254 1107 1312 est
1148 1246 1375 1329 maior,
1420 1253 1604 1310 tanto
1650 1254 1748 1310 est
1789 1243 2200 1310 invidiosior.

544 1350 833 1435 Roganti
876 1347 1111 1413 melius
1158 1368 1350 1435 quam
1394 1348 1742 1434 imperanti
1787 1368 2038 1434 pareas,

380 1460 506 1520 580
547 1452 897 1538 Respicere
939 1449 1035 1514 nil
1080 1449 1421 1515 consuevit
1463 1448 1824 1514 iracundia.

546 1554 805 1641 Rapere
850 1561 969 1636 est,
1013 1573 1145 1618 non
1189 1560 1427 1640 petere,
1476 1549 1798 1638 quidquid
1843 1551 2053 1615 invito
2097 1550 2379 1618 auferaS.
2486 1562 2503 1578 ‘

544 1652 933 1720 Remedium
974 1654 1220 1719 frustra
1264 1662 1361 1718 est
1407 1662 1635 1718 contra
1677 1651 1924 1718 fulmen
1967 1675 2296 1740 quaerere.

548 1757 829 1846 [Rogare
871 1755 1261 1828 beneficium
1304 1756 1587 1820 servitus
1633 1753 2155 1842 quoddammodo
2201 1757 2346 1840 est.]

375 1879 507 1919 Prov-
548 1859 740 1942 Sunt,
786 1880 1053 1942 quorum
1094 1878 1317 1941 corpus
1357 1860 1692 1923 innoxium
1735 1862 1838 1937 est,
1885 1863 1943 1922 et
1985 1860 2055 1922 in
2098 1858 2264 1923 mille
2303 1857 2688 1938 facinorum

394 1947 499 2026 '95
564 1951 571 1960 “
945 1961 1160 2041 furias
1202 1979 1375 2025 mens
1419 1961 1619 2025 otiosa
1663 1961 1978 2024 discurrit.
2237 1975 2243 1985 ’

544 2061 621 2128 Si
660 2064 733 2128 in
776 2063 1123 2128 clientelam
1162 2061 1365 2142 felicis
1406 2061 1680 2126 hominis
1710 2062 2102 2144 potentisque
2133 2062 2514 2144 pei-veneria

951 2169 1067 2229 aut
1105 2165 1337 2228 veritas
1380 2167 1496 2228 aut
1538 2164 1824 2227 amicitia
1855 2162 2186 2244 perdenda
2229 2167 2332 2228 est.

543 2266 619 2331 Si
659 2267 756 2330 vis
799 2267 1011 2330 beatas
1054 2285 1195 2344 esse,
1242 2266 1443 2347 coyita
1486 2265 1598 2331 hoc
1625 2265 1914 2346 primum
1927 2285 1948 2327 .·
1993 2269 2306 2329 contemne
2333 2268 2676 2346 contemni.

544 2366 621 2434 Si
662 2367 875 2434 multis
905 2357 1223 2450 placuerit
1261 2369 1395 2432 vita
1438 2371 1569 2444 tua,
1617 2366 1733 2431 tibi
1763 2366 2019 2448 placere
2049 2353 2191 2430 'non
2221 2368 2470 2449 poterit.

545 2467 957 2535 Solitudinem
1002 2474 1285 2552 quaerat,
1333 2469 1443 2551 qui
1485 2468 1618 2533 vult
1659 2490 1800 2534 cum
1841 2469 2273 2535 innocentibus
2313 2469 2532 2535 vivere.

378 2748 647 2791 comeus
670 2728 740 2790 ἐν.
776 2731 1141 2791 569—583:
1187 2730 1243 2786 F
1270 2729 1393 2803 (T),
1437 2728 1692 2787 Proverh.
1726 2730 1893 2788 PRF
1919 2726 2079 2807 (EC),
2111 2730 2176 2787 M

378 2868 505 2926 570
554 2868 642 2942 Cf.
674 2888 724 2926 v.
758 2868 875 2926 311
1054 2866 1175 2924 572
1226 2866 1313 2941 Cf.
1346 2886 1393 2924 v.
1428 2865 1546 2923 511
1583 2873 1639 2924 et
1670 2866 1803 2923 Sen.
1837 2869 1906 2924 de
1937 2866 2128 2939 benef.
2166 2867 2232 2940 1,
2270 2866 2378 2939 14,
2415 2868 2447 2923 1
2489 2866 2674 2941 ‘quod

378 2953 531 3009 voles
574 2961 795 3028 gratum
833 2970 984 3023 esse,
1028 2969 1209 3008 rarum
1251 2950 1447 3007 effice'.
1636 2950 1758 3009 573
1804 2969 1914 3008 non
1943 2952 2200 3027 Inqolst..·
2243 2969 2346 3008 usu
2376 2954 2455 3017 F;
2495 2953 2575 3025 cf.
2607 2972 2666 3010 v.

325 3110 330 3114 ,
380 3037 499 3094 172
534 3044 589 3094 et
618 3038 737 3095 581
934 3036 1058 3095 574
1102 3038 1315 3111 regitur
1353 3032 1796 3094 Froehlichiuss'
1829 3037 2074 3110 loquitur
2103 3038 2174 3109 F,
2219 3038 2468 3111 sequitur
2509 3042 2666 3095 coni.

375 3123 729 3180 Ribbeclct‘us
899 3122 974 3177 nil
1008 3122 1253 3178 Gruter.-
1283 3121 1415 3177 nihil
1449 3121 1507 3175 F
1671 3120 1793 3180 576
1845 3120 1928 3194 Cf.
1963 3141 2011 3179 v.
2044 3120 2167 3179 455
2339 3124 2582 3179 incutere
2619 3124 2679 3178 T

558 3206 679 3264 577
727 3206 916 3263 nollim
946 3207 1004 3261 F
1187 3222 1308 3262 esse
1338 3204 1574 3262 crudelis
1604 3208 1868 3280 Inyolst..·
1901 3223 1977 3263 cr.
2011 3223 2132 3263 esse
2163 3208 2220 3263 F
2415 3208 2493 3265 57
2499 3208 2536 3265 8
2582 3209 2670 3264 in-

378 3292 633 3349 vidiosior
675 3292 892 3349 Bothe.-
935 3290 1248 3347 insidiosior
1277 3290 1400 3348 FT.
1490 3290 1578 3362 Cf.
1629 3290 1794 3349 Caec.
1830 3293 2001 3349 Balb.
2034 3290 2270 3349 Monac.
2308 3292 2418 3363 10,
2454 3292 2522 3363 1,
2557 3311 2663 3366 pq.

380 3377 489 3432 22:
539 3374 864 3434 ‘Simonides
907 3378 1281 3451 interrogatus
1313 3392 1341 3431 a
1374 3375 1639 3449 quodam,
1686 3375 2138 3449 quemadmodum
2179 3375 2389 3433 invidos
2429 3394 2540 3433 non
2571 3378 2669 3433 ha·

377 3460 551 3534 beret,
582 3460 636 3518 Si
668 3461 833 3533 nihil,
864 3463 1073 3536 inquit,
1115 3478 1179 3517 ex
1211 3462 1420 3535 magnis
1451 3460 1614 3516 rebus
1648 3461 1896 3517 habueris
1929 3469 2021 3517 aut
2050 3462 2180 3517 nihil
2214 3461 2444 3518 feliciter
2474 3478 2668 3537 gesse—

376 3548 497 3603 ris’.
628 3596 631 3599 ,
674 3546 799 3603 580
841 3547 914 3603 nil
945 3548 1186 3620 Inyolst.
1228 3553 1281 3603 et
1326 3546 1496 3603 Caec.
1531 3547 1701 3613 Balb.
1735 3546 1892 3603 Mon.
1931 3545 1988 3618 7,
2022 3545 2092 3617 4,
2130 3564 2226 3621 pq.
2263 3546 2339 3602 21
2385 3544 2472 3603 (Β.
2504 3546 2580 3602 nil
2611 3564 2663 3603 c.

376 3632 658 3689 i.':.nihil
698 3633 757 3689 F
951 3630 1072 3691 582
1119 3632 1404 3705 remigium
1448 3621 1676 3687 Gruter'
1833 3631 2032 3686 frustra
2075 3639 2161 3687 est
2202 3631 2417 3688 Gruter
2459 3627 2560 3708 (cf.
2611 3652 2664 3689 v.

376 3716 549 3789 418);
596 3717 757 3773 fraus·
786 3723 871 3773 est
912 3718 1099 3787 F,-ut
1142 3735 1190 3773 v.
1229 3714 1348 3771 172
1564 3715 2140 3772 fulmenBentleius:
2182 3716 2382 3773 flumen
2413 3718 2470 3773 F

378 3801 500 3860 583
548 3801 638 3876 Cf.
672 3821 721 3859 v.
756 3800 857 3860 48.
892 3800 1019 3860 490
1158 3794 1504 3874 beneficium]
1540 3800 1777 3874 ingenuo
1811 3802 2027 3857 Gruter
2055 3816 2137 3859 eoe
2167 3804 2504 3859 coniectura

376 3885 457 3943 95
519 3886 676 3943 Vino.
710 3889 856 3947 Bell.
890 3904 976 3961 sp.
1007 3890 1062 3944 d.
1095 3885 1158 3958 4,
1193 3885 1311 3942 107
1363 3882 1367 3887 ’
1497 3878 1580 3961 et]
1614 3884 1719 3941 Sed
1752 3886 1808 3939 F
1827 3889 1986 3943 initio
2019 3902 2251 3958 versus,
2295 3888 2502 3943 animus
2533 3904 2664 3943 vero

378 3969 605 4043 (omisso
646 3970 819 4043 mens)
852 3972 911 4044 G,
1076 3971 1361 4027 faunorum
1391 3970 1450 4025 F
1616 3969 1780 4026 furias
1810 3970 2046 4028 PRFC:
2091 3970 2235 4028 furta
2280 3971 2439 4031 Vinc.
2474 3990 2552 4029 an
2581 3973 2664 4027 in-

378 4056 577 4111 iurias?
622 4057 693 4111 de
724 4073 835 4129 quo
868 4058 1142 4113 vocabulo
1174 4062 1453 4127 corrupto
1485 4055 1566 4128 cf.
1599 4056 1677 4111 ad
1705 4075 1754 4113 v.
1789 4056 1910 4113 388
2106 4050 2308 4133 otiosa]
2342 4056 2566 4113 hodiosa
2601 4055 2663 4127 0,

380 4141 483 4196 cita
514 4140 570 4193 F
766 4139 843 4197 96
891 4140 947 4195 F
971 4140 1131 4196 habet
1161 4148 1287 4213 post
1318 4140 1395 4196 97
1600 4139 1909 4197 clientillam
1945 4139 2044 4198 PR
2214 4142 2524 4215 perveneris
2555 4141 2663 4197 PR

395 4225 556 4281 Vino.
590 4226 661 4281 B.
704 4242 789 4297 sp.
832 4227 888 4281 d.
934 4224 1003 4296 5,
1038 4225 1103 4282 7:
1147 4225 1357 4279 veneris
1389 4224 1446 4278 F
1655 4225 1733 4282 97
1779 4226 1847 4282 Μ
1873 4224 1953 4281 24
2167 4234 2452 4295 contemne
2481 4226 2664 4283 PEC:

380 4317 729 4367 contemnere
759 4310 911 4383 RM,
945 4328 1049 4367 om.
1085 4309 1142 4364 F
1336 4308 1413 4365 99
1461 4308 1808 4366 solitudinem
1842 4311 2065 4381 PREC,
2095 4310 2160 4367 M
2190 4310 2300 4368 27:
2345 4310 2664 4369 sollicitudi-
