2917 4950
360 259 369 264 ”
402 281 521 346 122
1180 295 1619 344 senmurum
1667 295 1886 345 FALso

568 451 731 517 Cum
776 452 858 515 de
900 451 1091 516 unius
1134 447 1430 514 moribus
1472 449 1818 533 iudicabis,
1865 448 1949 513 de
1992 449 2270 536 publicis
2319 452 2555 536 cogita.

502 536 511 544 ’
568 553 735 617 Cum
775 552 1148 616 hominibus
1194 573 1451 638 pacem,
1492 549 1662 615 bella
1707 573 1855 615 cum
1899 551 2082 615 vitiis
2127 552 2315 617 habe.

566 653 733 719 Cum
774 674 931 741 pare
970 653 1361 718 contendere
1403 652 1734 736 indecens,
1783 675 1930 718 cum
1973 655 2304 741 superiore
2335 653 2685 735 furiosum,

1617 776 1761 818 cum
1806 753 2114 819 inferiore
2157 755 2515 820 sordidum.

569 856 934 944 Cupiditati
976 857 1166 922 tarda
1212 865 1311 922 est
1355 857 1502 944 ipsa
1546 854 1866 920 celeritas,

442 949 523 1025 90
566 959 895 1023 Damnum
938 960 1069 1024 nisi
1114 982 1199 1024 ex
1242 958 1646 1024 abundantia
1688 980 1833 1022 raro
1880 959 2084 1022 venit.

565 1061 781 1125 Datur
824 1061 1075 1125 meritis
1120 1062 1438 1126 maiorum
1483 1058 1660 1125 nulla
1705 1058 1933 1144 gloria.

567 1162 899 1228 Deformis
946 1163 1279 1226 simiarum
1324 1163 1447 1226 erit
1489 1151 1948 1248 pulcherrima.

565 1265 854 1328 Demens
904 1272 1001 1328 est
1046 1265 1338 1350 quisquis
1385 1272 1675 1350 praestat
1721 1265 1925 1328 errori
1970 1263 2187 1328 fidem.

536 1367 712 1432 -Deo
758 1366 1024 1430 favente
1067 1366 1339 1450 naviges
1386 1365 1493 1428 vel
1540 1367 1806 1430 vimine.

444 1475 521 1532 95
566 1466 985 1532 Desiderium
1029 1464 1259 1530 melius
1307 1467 1514 1530 vitam
1561 1467 2042 1555 custod[iv]erit
2088 1487 2280 1555 quam
2328 1469 2540 1534 timor.

566 1570 731 1634 Dies
778 1567 1165 1655 quandoque
1207 1589 1514 1652 noverca,
1563 1568 1950 1656 quandoque
1995 1579 2093 1634 est
2130 1555 2393 1656 parens.
2481 1587 2484 1591 ’

574 1669 867 1735 Difficile
910 1670 1292 1736 reciduntur
1340 1669 1550 1757 [vitia]
1570 1721 1589 1754 ,
1637 1693 1800 1757 quae
1845 1671 2188 1736 nobiscum
2235 1673 2583 1737 creverint.

566 1770 917 1838 Difficilius
964 1781 1065 1838 est
1104 1771 1459 1857 moderari,
1507 1771 1623 1837 ubi
1666 1772 1876 1836 dolori
1921 1771 2197 1838 debetur
2240 1772 2438 1857 ultio,
2493 1781 2701 1861 q'uam

1619 1872 1734 1938 ubi
1780 1874 2097 1960 exemplo,

566 1977 844 2041 Discute
890 1974 1063 2064 quod
1106 1973 1337 2039 audias
1382 1997 1595 2059 omne,
1643 1975 1818 2062 quod
1863 1977 2090 2041 credas
2136 1976 2361 2064 proba.

404 2087 524 2145 100
567 2079 911 2142 Dissensio
958 2078 1041 2143 ab
1086 2076 1239 2158 alic,
1284 2098 1325 2140 a
1366 2084 1433 2142 te
1477 2077 1563 2140 sit
1607 2076 2070 2144 reconciliatiO.

464 2197 477 2204 ·
548 2175 942 2246 -Dissolutus
988 2189 1088 2245 est
1130 2177 1384 2243 deliciis
1417 2178 1600 2242 cuius
1635 2177 1805 2244 latus
1833 2177 2046 2245 alieno
2077 2178 2300 2245 labore
2330 2180 2700 2248 condoluit.

566 2283 765 2348 Domi
809 2303 1071 2346 manere
1114 2283 1333 2346 virum
1362 2281 1781 2346 ,fortunatum
1826 2281 2032 2346 decet.

567 2385 853 2450 Domum
886 2385 1012 2470 qui
1056 2382 1381 2466 aedificat,
1426 2381 1790 2469 impolitam
1832 2405 1914 2447 ne
1959 2383 2152 2449 sinat.

566 2484 801 2550 Dulcis
846 2485 1163 2550 malorum
1206 2487 1704 2572 praeteritorum
1747 2486 2078 2551 memoria.
2185 2556 2200 2562 ‚

278 2592 287 2601 ‘
402 2595 521 2654 105
568 2588 741 2673 Eget
784 2590 995 2652 minus
1040 2588 1355 2670 mortalis,
1404 2610 1531 2674 quo
1575 2589 1790 2653 minus
1837 2589 2035 2676 cupit.

568 2690 1003 2777 Eleemosyna
1031 2712 1163 2755 non
1192 2698 1325 2753 tam
1354 2690 1828 2777 accipientibus
1849 2712 2048 2777 quam.
2064 2689 2373 2755 dantibus
2395 2690 2695 2777 prodest.

566 2792 817 2857 Eodem
858 2794 1076 2857 animo
1122 2791 1511 2857 beneficium
1554 2792 1850 2876 debetur,
1898 2814 2023 2879 quo
2069 2793 2283 2857 datur.

518 3054 597 3111 86
645 3055 718 3111 R.
746 3053 873 3109 Sen.
902 3053 968 3109 de
991 3054 1069 3109 ira
1087 3053 1146 3125 2,
1171 3054 1269 3111 31.
1298 3053 1335 3112 5
1452 3055 1533 3112 87
1580 3056 1647 3111 F.
1674 3053 1744 3110 De
1767 3071 1902 3111 mor.
1933 3052 2013 3111 34
2129 3054 2210 3111 88
2263 3055 2329 3111 R.
2364 3054 2490 3111 Sen.
2515 3054 2694 3111 deira

399 3138 459 3210 2,
485 3136 587 3210 34,
616 3139 647 3193 1
780 3138 859 3195 89
904 3138 1001 3193 Ps.
1034 3138 1185 3196 Caec.
1218 3138 1363 3195 Balb.
1390 3139 1533 3195 Mon.
1571 3141 1626 3211 1,
1654 3140 1753 3211 15,
1785 3158 1877 3213 pg.
1908 3139 1982 3195 19
2116 3139 2197 3196 90
2239 3141 2336 3195 Ps.
2359 3140 2509 3195 Caec.
2534 3140 2690 3197 Balb.

398 3222 542 3280 Mon.
570 3224 627 3295 1,
656 3222 755 3293 17,
781 3240 872 3297 pg.
905 3222 979 3279 19
1113 3224 1185 3279 91
1238 3225 1307 3279 F.
1442 3226 1520 3281 92
1568 3226 1674 3282 Bo.
1699 3223 1954 3280 Proverb.
1981 3240 2234 3297 graecum
2258 3227 2378 3280 τῶν
2400 3212 2695 3295 πιθήκων

397 3296 831 3381 εὖμορφότατος
864 3294 1205 3381 δύσμορφός
1236 3302 1391 3363 ἐστιν
1421 3309 1546 3365 0011.
1582 3309 1851 3365 Heraclito
1883 3326 1968 3383 ap.
2002 3309 2138 3385 Plat.
2164 3309 2322 3383 Ilipp.
2347 3311 2466 3365 mai.
2498 3309 2618 3367 289
2653 3312 2693 3365 B

528 3394 605 3450 93
652 3395 751 3449 Ps.
778 3392 901 3448 Sen.
934 3392 1000 3449 de
1031 3392 1209 3454 benef.
1234 3393 1294 3466 4,
1322 3394 1401 3451 36
1534 3394 1614 3451 94
1660 3395 1766 3449 Bo.
1798 3392 1996 3449 Erasm.
2022 3393 2192 3467 Adag.
2218 3412 2272 3467 p.
2299 3393 2378 3449 14
2411 3412 2478 3451 ex
2508 3396 2690 3451 schol.

395 3478 671 3552 Aristoph.
705 3474 855 3531 θεοῦ
884 3470 1171 3545 θέλοντος
1202 3470 1318 3533 κᾶν
1348 3472 1445 3533 ἐπὶ
1477 3468 1650 3552 ῥιπὸς
1678 3472 1875 3545 πλέοις
2019 3478 2097 3535 95
2147 3478 2229 3535 Gr
2259 3479 2316 3535 2.
2351 3478 2500 3537 Caec.
2534 3478 2688 3537 Balb.

396 3564 537 3620 Mon.
572 3564 631 3636 8,
666 3563 724 3635 2,
756 3580 847 3637 pg.
882 3562 958 3619 21
1124 3564 1354 3622 96Βο.
1387 3564 1604 3620 Hesiod.
1654 3582 1778 3637 opp.
1813 3563 1934 3621 825
1977 3550 2181 3619 ἅλλῡτε
2225 3550 2482 3639 μητρυιὴ
2523 3556 2693 3619 πέλει

394 3638 615 3722 ἡμέρη,
658 3638 862 3703 ἄλλοτε
892 3637 1108 3721 μήτηρ,
1139 3648 1383 3705 Favorin.
1418 3667 1500 3722 ap.
1537 3648 1764 3705 Gellium
1791 3649 1891 3720 17,
1921 3648 2019 3721 12,
2045 3648 2084 3703 4
2223 3649 2300 3705 97
2350 3651 2422 3707 R.
2457 3649 2581 3704 Seu.
2616 3648 2694 3705 de

395 3737 472 3789 ira
503 3735 563 3807 2,
596 3735 693 3807 18,
722 3734 757 3789 2
892 3733 969 3790 98
1019 3735 1117 3791 Ge.
1152 3733 1276 3790 Sen.
1311 3735 1377 3790 de
1406 3734 1562 3791 clem.
1599 3736 1656 3805 1,
1684 3734 1784 3805 20,
1817 3733 1847 3787 1
1992 3734 2070 3791 99
2121 3734 2220 3790 Gr.
2253 3751 2318 3789 ex
2349 3734 2504 3790 codd.
2535 3733 2692 3788 Pala-

397 3820 541 3875 tinis·
572 3820 723 3875 Caec.
752 3818 893 3874 Balb.
928 3818 1045 3875 Par.
1084 3819 1183 3889 69,
1215 3837 1313 3893 ρὲ,
1342 3818 1421 3874 42
1578 3820 1700 3875 100
1744 3820 1812 3878 F.
1847 3817 1918 3873 De
1949 3836 2084 3874 mor.
2119 3816 2200 3874 49
2347 3820 2463 3877 101
2513 3820 2582 3875 R.
2619 3836 2689 3875 cx

396 3903 513 3958 cod.
548 3904 747 3977 Gryph.
790 3908 1037 3961 collatus
1080 3923 1131 3960 α.
1180 3906 1353 3961 corde
1394 3921 1444 3960 e.
1487 3904 1610 3959 Sen.
1655 3903 1722 3959 de
1762 3906 1838 3959 ira
1871 3902 1940 3975 2,
1977 3901 2088 3977 25,
2126 3903 2158 3959 1
2408 3904 2524 3962 102
2572 3905 2683 3960 Bo.

400 3987 647 4060 Apostol.
687 3987 783 4059 12,
814 3988 893 4045 45
926 3984 1083 4043 οἴκοι
1115 3982 1313 4060 μένειν
1345 3984 1437 4043 δεῖ
1465 3980 1567 4045 τὸν
1597 3985 1790 4056 καλῶς
1819 3980 2145 4061 εὐδαίμονα
2277 3988 2396 4047 103
2444 3990 2547 4046 Bo.
2581 3987 2688 4043 He—

396 4072 536 4129 siod.
570 4089 693 4147 opp.
722 4070 841 4129 746
874 4066 1023 4143 μηδὲ
1052 4064 1235 4146 δόμου
1264 4071 1452 4131 ποιῶν
1482 4065 1861 4142 ἀνεπίξεστον
1902 4070 2274 4129 καταλείπειν
2408 4074 2526 4131 104
2573 4074 2684 4130 Bo.

396 4158 502 4212 Cic.
534 4158 601 4213 de
634 4156 721 4212 fin.
759 4155 827 4229 2,
860 4156 960 4213 34.
998 4156 1198 4225 Erasm.
1229 4159 1395 4233 Adag.
1439 4178 1532 4233 pg.
1566 4158 1687 4216 499
1877 4158 1996 4216 105
2043 4160 2138 4216 Ps.
2173 4160 2326 4215 Caec.
2358 4158 2504 4214 Ball).
2539 4158 2684 4213 Mon.

399 4241 499 4314 12,
526 4242 562 4300 8
594 4260 686 4316 pg.
720 4241 816 4299 23.
852 4240 977 4298 Seu.
1010 4244 1170 4316 epist.
1204 4242 1261 4315 2,
1290 4244 1344 4298 6.
1378 4244 1444 4299 (16
1475 4246 1613 4299 mor.
1636 4243 1736 4301 46.
1783 4244 1862 4299 Cf.
1887 4261 2048 4318 supra
2080 4264 2129 4300 v.
2157 4244 2278 4302 286
2409 4243 2528 4301 106
2577 4244 2682 4299 Go.

395 4327 468 4383 De
498 4344 635 4386 mor.
670 4326 749 4384 55
813 4371 819 4377 .
926 4327 1045 4385 107
1094 4328 1152 4385 S.
1188 4327 1313 4383 Sen.
1348 4327 1414 4383 de
1443 4327 1620 4385 benef.
1655 4330 1714 4400 1,
1753 4329 1807 4401 1,
1840 4328 1877 4386 8
2598 4344 2604 4349 ·
