2917 4950
444 306 565 370 144
1352 320 1443 368 na
1489 321 1818 371 inomaus,

484 483 583 542 98.
632 475 1131 555 Quietissimam
1190 475 1393 540 vitam
1450 485 1722 560 agerent
1767 474 2060 540 homines
2105 474 2197 538 in-
2221 471 2446 556 terriS‚
2503 475 2562 537 si
2607 475 2744 538 duo

633 577 797 642 haec
840 577 1041 643 verba
1087 599 1121 642 e
1164 586 1400 642 natura
1444 599 1660 642 rerum
1706 577 2114 644 tollerentur:
2161 599 2374 643 meum
2421 585 2486 640 et
2530 586 2741 642 tuum.

485 688 583 745 99.
632 679 768 760 Qui
812 688 1263 768 paupertatem
1306 682 1515 762 timet,
1569 702 1761 768 quam
1806 680 2076 745 timidus
2124 679 2254 744 est!

441 791 581 848 100.
630 781 824 846 Vires
868 789 1013 847 tuas
1058 782 1250 846 amici
1296 783 1391 848 tui
1435 784 1648 867 magis
1695 783 1982 848 sentiant
2026 780 2360 847 beneficiis
2406 801 2602 867 quam
2633 782 2738 846 in-

628 885 910 949 iniuriis.

444 993 582 1054 101.
630 987 919 1052 Pecunia
962 1009 1095 1051 non
1140 988 1335 1053 satiat
1379 987 1724 1051 avaritiam
1740 1036 1759 1071 ,
1813 986 1928 1051 sed
1972 987 2219 1070 irritat,
2267 995 2332 1051 et
2374 984 2522 1051 ideo
2569 1006 2740 1050 sem-

632 1111 749 1178 per
792 1090 1069 1175 indiget.

445 1200 581 1260 102.
628 1192 916 1258 Pecunia
960 1193 1019 1257 si
1064 1192 1188 1257 tibi
1236 1201 1356 1275 est,
1405 1193 1604 1274 †cius
1647 1214 1849 1257 usura
1893 1191 2202 1256 moribus.

444 1302 582 1361 103.
631 1294 798 1359 Mihi
845 1295 1071 1359 crede:
1120 1317 1251 1358 non
1294 1302 1478 1380 potes
1527 1315 1668 1359 esse
1713 1293 1902 1360 dives
1948 1303 2012 1358 et
2055 1293 2241 1358 felix.

445 1403 585 1464 104.
634 1396 925 1461 Auribus
972 1396 1378 1483 frequentius
1424 1418 1616 1483 quam
1663 1394 1888 1482 lingua
1931 1405 2134 1462 utere.

443 1505 579 1564 105.
629 1497 971 1584 Quidquid
1019 1498 1310 1565 dicturus
1358 1520 1449 1581 es,
1496 1508 1841 1585 antequam
1886 1496 2060 1582 aliis,
2105 1497 2231 1564 tibi
2276 1499 2498 1565 dicito,

441 1607 582 1666 106.
629 1599 819 1665 Nihil
874 1601 1148 1667 interest
1203 1603 1373 1666 inter
1428 1601 1664 1666 iratum
1713 1611 1776 1666 et
1827 1602 2129 1665 insanum
2172 1601 2299 1665 nisi
2346 1624 2514 1666 unus
2561 1601 2740 1666 dies:

630 1702 798 1769 alter
841 1725 1098 1791 semper
1142 1704 1407 1785 insanit,
1453 1702 1621 1768 alter
1665 1703 1820 1767 dum
1865 1703 2187 1771 irascitur.

443 1813 578 1873 107.
628 1805 973 1871 Facillime
1028 1806 1216 1872 bonis
1274 1806 1546 1888 frueris,
1607 1806 1664 1869 si
1709 1827 1784 1870 ea
1830 1805 2146 1870 vitaveris
2193 1827 2357 1891 quae
2403 1808 2738 1893 vitupera—

628 1910 826 1974 veris.

441 2017 584 2075 108.
632 2009 799 2074 Cum
844 2009 1007 2076 alios
1052 2012 1371 2087 timueris,
1419 2019 1557 2075 tum
1602 2020 1667 2074 te
1711 2012 1924 2098 ipsum
1959 2010 2246 2075 maxime
2276 2032 2535 2074 verere:
2582 2032 2742 2074 nam

633 2113 773 2177 sine
816 2111 965 2178 aliis
1012 2135 1203 2202 saepe
1249 2134 1393 2178 esse
1436 2122 1644 2200 potes,
1690 2115 1833 2178 sine
1877 2122 1942 2178 te
1985 2133 2361 2198 numquam.

440 2221 576 2280 109.
627 2215 699 2281 Si
744 2213 914 2281 bene
958 2225 1025 2281 te
1068 2217 1483 2299 instruxeris,
1531 2215 1772 2301 pudeat
1816 2226 1882 2280 te
1928 2215 2251 2281 deteriora
2295 2215 2531 2280 facere.

604 2496 682 2554 98
730 2496 1012 2553 Aristides
1041 2496 1112 2553 II
1132 2512 1227 2571 pq.
1264 2496 1383 2555 331
1430 2481 1494 2551 τὸ
1525 2484 1638 2571 γὰρ
1671 2486 1742 2551 οὗ
1773 2482 1837 2553 τὸ
1869 2483 1978 2553 σὸν
2008 2493 2205 2566 τοῦτο,
2236 2484 2366 2553 ἀλλ’
2406 2481 2546 2567 ἐμὸν
2575 2480 2735 2569 ἇρχή

434 2573 625 2653 πάσης
670 2578 1039 2655 φιλονεικίας
1211 2582 1289 2639 99
1338 2582 1608 2638 timendus
1654 2586 1837 2657 vulyo.
1929 2584 2092 2639 Lact.
2134 2585 2264 2639 inst.
2312 2582 2381 2653 6,
2419 2582 2494 2638 17
2539 2581 2735 2637 ‘Nemo

437 2667 675 2738 dubitat,
722 2670 853 2741 quin
884 2667 1055 2723 timidi
1086 2668 1157 2722 sit
1188 2668 1344 2722 animi
1378 2676 1624 2723 metuere
1651 2665 1994 2741 egestatem’.
2173 2666 2293 2725 100
2339 2668 2522 2724 Haud
2547 2670 2740 2722 imme—

433 2757 544 2810 rito
582 2753 831 2811 Orellius
859 2754 1014 2809 hanc
1044 2756 1387 2809 sententiam
1411 2754 1491 2809 ad
1517 2768 1704 2810 mores
1729 2755 2079 2809 christianos
2103 2753 2585 2809 accommodatam
2603 2766 2737 2808 esse

436 2845 652 2909 censet,
688 2855 817 2895 cum
839 2842 1095 2911 pristina
1123 2839 1319 2910 forma
1354 2841 1621 2895 videatur
1644 2839 1870 2911 fuisse.-
1913 2839 2064 2893 Vires
2098 2847 2218 2894 tuas
2249 2836 2404 2894 amici
2433 2835 2736 2908 beneficiiS,

430 2924 629 2979 inimici
672 2924 878 2979 iniuriis
911 2924 1164 2980 sentiant.
1258 2924 1347 2996 Cf.
1386 2924 1648 3017 Xenoph.
1684 2924 1925 2981 Memor.
1962 2924 2032 2994 2,
2064 2924 2134 2995 3,
2173 2922 2276 2978 14;
2325 2919 2598 2977 πλείστου
2632 2916 2732 2975 do-

430 3009 525 3063 κει·
550 2996 707 3082 ἀνὴρ
739 3002 988 3065 ἐπαίνου
1016 2997 1178 3076 ἄξιος
1210 2996 1432 3078 slvac,‘
1417 3025 1482 3075 ος
1511 2995 1588 3063 ὅὶν
1619 3000 1834 3087 φθάνῃ
1878 2998 2016 3075 τοὺς
2047 3001 2159 3081 μὲν
2187 3004 2504 3081 πολεμίους
2535 3004 2738 3075 κακῶς

435 3089 657 3163 ποιῶν,
708 3111 845 3160 τους
890 3086 953 3149 δὲ
996 3089 1213 3167 φίλους
1256 3083 1597 3167 εὐεργετῶν.
1686 3096 1882 3150 Li'mus
1926 3094 1993 3163 7,
2026 3093 2139 3165 40,
2175 3095 2208 3150 7
2400 3092 2517 3150 101
2568 3094 2731 3149 Sent-

438 3179 609 3251 Sexta·
630 3178 746 3235 137
784 3175 1149 3252 ‘Inexplebilis
1181 3188 1265 3235 est
1298 3181 1472 3235 omnis
1503 3180 1788 3253 cupiditas
1820 3186 2112 3254 propterea
2141 3188 2197 3235 et
2228 3196 2444 3253 semper
2471 3176 2734 3253 indiget’.

583 3262 702 3322 102
749 3265 901 3320 cuius
937 3280 1099 3319 usura
1128 3280 1247 3319 11101
1249 3263 1347 3319 bus
1381 3264 1552 3336 GSV,
1587 3268 1700 3320 nisi
1727 3266 1880 3338 quod
1926 3266 1974 3320 V
1999 3262 2187 3320 morbi.
2344 3264 2464 3321 103
2511 3264 2734 3320 Auson.

450 3348 568 3407 VII
592 3350 731 3421 Sap.
766 3348 827 3421 4,
862 3349 896 3405 2
1033 3348 1152 3406 104
1202 3349 1289 3421 Cf.
1324 3348 1359 3419 S
1392 3349 1449 3407 9.
1540 3351 1746 3406 Antan.
1784 3358 1837 3407 et
1868 3350 2034 3406 Max.
2069 3368 2166 3422 ap.
2205 3348 2493 3418 Orellium,
2528 3365 2734 3421 opusc.

433 3442 578 3491 sent.
614 3434 685 3505 2,
723 3392 875 3507 146,
910 3435 976 3491 9:
1023 3434 1143 3501 τοῖς
1191 3427 1292 3489 ωσι
1328 3428 1505 3489 πλέον
1539 3422 1581 3506 ἦ
1609 3431 1683 3512 τῇ
1712 3426 2612 3533 γλώττηχρῶ,δίοὺ.ίὶον.36,
2652 3434 2734 3490 19

605 3520 723 3577 106
771 3521 925 3577 Plut.
960 3520 1191 3577 Catones
1221 3524 1352 3577 mai.
1389 3522 1790 3595 apophthegm.
1831 3521 1904 3578 16
1951 3512 2052 3575 τὸν
2085 3508 2466 3595 ὀογιζόμενον
2498 3510 2739 3593 ἐνόμιζε

430 3601 538 3661 τοῦ
566 3598 931 3679 μαινομένου
961 3598 1149 3684 χρόνω
1184 3598 1509 3701 διαφέρειν.
1571 3598 1878 3663 Philemon
1911 3624 2006 3685 ap.
2042 3606 2192 3663 Stob.
2223 3609 2355 3679 flor.
2391 3604 2492 3677 20,
2525 3603 2564 3659 4
2593 3623 2733 3677 μαι-

431 3683 665 3763 νόμεθα
696 3682 931 3758 πάντες,
968 3681 1189 3746 ὁπόταν
1220 3679 1776 3765 ὀργιζωμεθα,ίόἰά.
1812 3690 1913 3763 20,
1948 3682 2046 3748 68.
2109 3692 2239 3747 Sen.
2275 3690 2559 3761 deiral,
2598 3690 2656 3761 1,
2690 3690 2732 3745 2

432 3776 681 3844 ‘Quidam
724 3794 789 3831 ex
835 3775 1167 3850 sapientibus
1210 3778 1335 3832 viris
1367 3778 1501 3832 iram
1533 3775 1784 3832 dixerunt
1815 3774 2026 3832 brevem
2059 3776 2363 3833 insaniam'.
2455 3774 2740 3831 Similiter

433 3862 571 3918 Cato
604 3863 935 3919 ebrietatem
968 3864 1117 3919 dixzt
1148 3878 1272 3919 esse
1305 3864 1692 3919 voluntariam
1722 3866 2040 3934 insaniam,
2084 3863 2362 3918 Ammian.
2395 3860 2589 3917 Marc.
2631 3860 2736 3933 15,

436 3946 535 4017 12,
567 3944 630 4017 4,
666 3947 801 4003 Seu.
836 3952 998 4020 epist.
1035 3948 1137 4019 83,
1172 3947 1271 4005 18.
1332 3946 1504 4004 Ηαεο
1536 3951 1841 4018 sententia,
1874 3954 1936 4004 ut
1966 3947 2001 4018 S
2038 3947 2177 4004 107.
2206 3946 2345 4005 108.
2377 3945 2494 4003 109
2529 3944 2746 4002 Catoni

434 4032 711 4087 tribuitur
740 4036 798 4086 in
832 4035 955 4088 cod.
988 4034 1042 4088 P
1193 4032 1319 4088 dum
1349 4034 1430 4088 P·
1466 4032 1738 4089 interdum
1772 4033 1866 4089 GS
2040 4032 2154 4089 107
2201 4023 2387 4106 bonis]
2421 4030 2560 4086 bona
2593 4030 2738 4086 sama

431 4120 578 4173 coni.
628 4115 1008 4173 Schenkelius
1183 4119 1303 4176 108
1351 4119 1504 4175 Plut.
1548 4119 1822 4190 apophth.
1859 4117 1981 4211 Cat.
2015 4120 2147 4174 mai.
2185 4116 2252 4174 9.
2303 4113 2554 4190 μάλιστα
2594 4106 2734 4171 ἐνό-

424 4197 558 4275 μιζε
605 4196 731 4257 δεῖν
774 4194 1021 4257 εκαστον
1052 4190 1238 4257 αὑτὸν
1270 4197 1603 4258 αἰδεῖσθαι·
1651 4197 1879 4276 μηδένα
1907 4220 2018 4279 γαρ
2049 4195 2263 4258 ἑαυτοῦ
2293 4196 2586 4276 μηδέποτε
2615 4220 2736 4275 χω·

435 4280 528 4358 ρὶς
560 4276 729 4343 εἶναι.
822 4287 1288 4360 Stob.fl0r.31,
1325 4289 1435 4359 11,
1485 4306 1668 4359 supra
1701 4291 1894 4346 adnot.
1933 4292 2010 4345 ad
2037 4288 2072 4359 S
2107 4287 2206 4345 59.
2382 4282 2523 4362 tum]
2559 4295 2616 4342 tu
2651 4289 2743 4352 P,-

427 4391 530 4428 om.
563 4375 725 4445 vulyo
901 4372 1019 4430 109
1067 4371 1337 4428 deteriora
1367 4368 1568 4449 facere]
1602 4373 1927 4430 deteriorem
1959 4372 2075 4429 fieri
2107 4376 2256 4429 com‘.
2295 4372 2694 4430 Schenkelius
