2917 4950
455 207 460 216 ’
528 227 604 289 18
1383 241 1932 292 Pnonueouum.

689 396 759 482 6)
806 394 1073 461 Codex
1117 395 1680 486 Frisingensis
1729 397 1850 485 (F)
1894 397 2082 480 olim,
2138 420 2311 462 nunc
2352 398 2527 463 inter
2572 396 2790 461 latinos

519 497 944 563 Monacenses
998 521 1064 561 n.
1119 497 1322 582 6292,
1389 501 1921 564 membranaceus
1978 498 2221 563 saeculi
2279 499 2403 564 XI.
2461 500 2791 563 continens

520 621 668 664 cum
721 598 882 682 alia,
949 609 1087 663 tum
1143 621 1226 664 ex
1281 603 1493 688 poetis
1557 602 1815 667 Latinis
1882 609 2192 688 excerpta
2256 600 2537 687 ideoque
2606 611 2791 664 certa-

518 703 636 765 tim
679 724 720 765 a
762 700 1110 788 philologis
1159 711 1222 766 et
1266 700 1567 769 laudatus
1614 713 1679 768 et
1723 703 2113 790 descriptus.
2200 701 2307 768 Cf.
2352 703 2616 784 Aretin,
2664 701 2790 764 Bei-

517 811 706 888 triige
737 804 796 885 7,
844 826 911 890 p.
941 803 1090 887 257,
1139 814 1202 868 et
1245 826 1363 868 nos
1409 804 1494 869 ad
1528 803 2216 892 (Pseudo)Caecilium
2244 803 2529 868 Balbum
2562 827 2675 892 pg.
2710 805 2791 868 17.

517 904 598 968 In
641 905 813 970 hunc
857 904 1168 988 codicem,
1215 904 1799 994 locupletissimum
1842 907 2151 990 omnium,
2200 907 2442 994 quippe
2482 907 2603 992 qui
2634 905 2791 970 solus

515 1007 876 1070 servaverit
920 1008 1346 1094 posteriorem
1390 1009 1862 1073 sententiarum
1905 1018 2157 1096 partem
2194 1006 2299 1092 (N
2296 1047 2371 1054 —
2390 1007 2479 1093 V)
2528 1017 2597 1071 et
2640 1008 2793 1094 prio-

515 1131 650 1173 rem
684 1119 942 1172 centum
977 1108 1111 1171 fere
1140 1109 1444 1175 versibus
1476 1121 1756 1194 auctam,
1802 1110 1921 1176 sed
1950 1109 2142 1175 titulo
2174 1119 2527 1193 carentem,
2561 1111 2793 1196 primus

516 1211 750 1276 incidit
792 1210 886 1275 M.
930 1209 1275 1292 Velserus,
1322 1233 1448 1298 quo
1493 1223 1757 1278 auctore
1800 1211 2131 1301 professor
2174 1211 2437 1298 quidam
2486 1210 2793 1296 Ingolsta-

516 1313 762 1377 diensis
818 1311 1177 1376 Publilium
1233 1313 1472 1399 Syrum
1526 1337 1696 1379 anno
1760 1315 1923 1379 1600
1990 1313 2232 1395 edidit,
2302 1313 2377 1378 ut
2433 1314 2613 1377 infra
2668 1335 2791 1376 nar-

512 1415 785 1478 rabitur.
875 1413 1000 1480 Sed
1048 1415 1126 1497 is,
1175 1437 1565 1502 quamquam
1611 1416 1881 1481 editoris
1928 1437 2068 1480 esse
2098 1415 2383 1481 officium
2416 1414 2599 1480 haud
2632 1416 2793 1499 igno-

512 1517 708 1600 ravit,
755 1517 886 1581 nisi
928 1518 1174 1581 monito
1219 1516 1467 1601 lectore¹
1500 1541 1541 1581 a
1584 1519 1883 1603 vestigiis
1914 1516 2068 1583 libri
2096 1537 2289 1581 mser.
2319 1539 2450 1581 non
2478 1515 2793 1594 recedere,

511 1628 767 1702 tamen,
822 1628 897 1683 ut
940 1641 1082 1684 mos
1129 1615 1268 1684 erat
1310 1619 1777 1708 permultorum
1824 1618 1952 1684 illis
1996 1620 2399 1706 temporibus
2444 1616 2792 1706 philologo-

511 1744 686 1803 rum,
731 1731 868 1786 tam
911 1720 1117 1785 multa
1159 1723 1400 1804 omisit,
1446 1731 1583 1786 tam
1626 1721 1831 1786 multa
1873 1723 2134 1786 inscitia
2177 1721 2346 1785 male
2388 1720 2792 1785 administra-

514 1825 634 1907 vit,
677 1834 751 1888 ut
795 1846 921 1911 quo
964 1823 1389 1889 fundamento
1436 1825 1666 1888 critico
1708 1833 2039 1911 tamquam
2083 1825 2243 1888 satis
2287 1823 2474 1889 firmo
2512 1845 2586 1887 se
2616 1820 2791 1886 inniti

511 1927 722 1990 nostri
767 1924 1012 1990 saeculi
1057 1926 1340 1991 editores
1387 1927 1639 2012 opinati
1684 1936 1863 2008 sunt,
1909 1927 1981 1990 id
2025 1926 2243 2014 potius
2288 1925 2789 1990 infirmissimum

511 2029 601 2092 sit
647 2026 1172 2092 existimandum.

681 2129 1064 2195 Simillimus
1111 2129 1522 2216 Frisingensi
1568 2141 1666 2197 est
1722 2132 1789 2216 7)
1838 2129 2092 2196 code‘x
2133 2128 2787 2195 Vindobonensis

510 2233 636 2297 368
684 2231 844 2318 (V),
893 2232 1140 2298 saeculi
1187 2231 1313 2297 XI.
1360 2235 1452 2298 ita
1497 2232 1800 2315 mutilus,
1856 2241 1932 2296 ut
1975 2232 2237 2296 deficiat
2278 2255 2344 2296 v.
2395 2233 2507 2296 121
2566 2233 2636 2296 in
2678 2229 2790 2294 fine

510 2333 770 2399 litterae
816 2333 891 2398 C.
979 2333 1194 2399 Huius
1251 2334 1675 2422 apographon
1725 2336 1904 2422 typis
1963 2334 2251 2399 exscribi
2296 2335 2487 2398 iussit
2534 2330 2790 2398 Carolus

513 2435 806 2503 Schenkl
841 2437 911 2501 in
941 2434 1163 2502 libello
1194 2437 1543 2525 inscripto:
1588 2437 1899 2523 Beitrage
1930 2459 2050 2502 zur
2078 2435 2311 2502 Kritik
2344 2434 2459 2500 des
2490 2437 2789 2501 Annaeus

512 2538 782 2621 Seneca,
833 2540 1018 2622 1864,
1062 2562 1172 2627 pg.
1219 2540 1322 2605 64.
1412 2540 1580 2604 Cum
1625 2542 1711 2604 sit
1752 2541 1813 2604 is
1862 2562 2171 2605 versuum
2216 2540 2411 2622 ordo,
2457 2548 2532 2603 ut
2576 2560 2649 2603 se
2692 2556 2788 2599 ex-

510 2642 758 2729 cipiant
801 2664 866 2706 v.
918 2644 974 2705 1.
1018 2642 1081 2706 3.
1125 2643 1188 2707 5.
1235 2643 1295 2706 7.
1341 2642 1404 2707 9.
1453 2691 1469 2706 .
1520 2690 1535 2706 .
1584 2693 1599 2706 .
1648 2642 1711 2705 2.
1754 2642 1817 2705 4.
1863 2642 2030 2723 6.-8.
2082 2642 2163 2705 10
2208 2688 2224 2705 .
2272 2691 2286 2704 .
2336 2690 2385 2724 .,
2430 2650 2545 2706 aut
2579 2642 2789 2728 'ipsum

512 2743 804 2809 codicem
856 2753 971 2808 aut
1025 2743 1243 2827 illum,
1301 2744 1475 2807 unde
1530 2743 2041 2809 Vindobonense
2093 2727 2531 2829 fra‘gmentum
2587 2739 2789 2816 fluxit,

510 2846 686 2910 binis
734 2846 1050 2911 columnis
1096 2847 1412 2931 scriptum
1457 2845 1661 2909 fuisse
1705 2843 2056 2930 colligitur.

687 2946 973 3013 Selectas
1018 2955 1273 3011 tantum
1317 2946 1695 3029 sententias,
1744 2947 1981 3033 quibus
2026 2948 2421 3035 praecedunt
2453 2945 2789 3013 Sallustius

510 3059 576 3114 et
618 3048 838 3115 Julius
868 3048 1416 3135 Exsuperantius,
1463 3046 1640 3113 nullo
1685 3049 2041 3135 praemisso
2084 3048 2275 3113 titulo
2320 3048 2519 3115 habet
2562 3049 2633 3133 8)
2677 3066 2787 3109 co-

510 3152 666 3216 dex
709 3152 1136 3216 Parisinus
1184 3151 1318 3217 lat.
1365 3150 1566 3232 6085,
1612 3150 2165 3233 membranaceus,
2212 3150 2457 3216 saeculi
2502 3150 2631 3215 XI.
2678 3144 2788 3232 (E)

510 3253 614 3319 Cf.
661 3253 993 3319 Dietschii
1050 3252 1430 3336 Sallustium
1476 3253 1688 3341 (Lips.
1738 3254 1931 3339 1859)
1976 3252 2106 3318 vol.
2151 3253 2225 3318 Ι..
2253 3276 2363 3340 pg.
2407 3252 2470 3317 4.
2550 3249 2789 3316 Eadem

508 3357 814 3443 epitome,
860 3356 1148 3443 praefixo
1188 3354 1378 3420 titulo
1424 3355 1785 3442 ‘Incipiunt
1814 3356 2173 3419 sententiae
2205 3356 2513 3421 Senecae'
2560 3354 2791 3439 legitur

509 3463 575 3521 in
619 3458 853 3522 codice
895 3458 1194 3523 Parisino
1232 3448 1416 3541 1919,
1464 3480 1633 3522 saec.
1667 3457 1857 3522 XIV.
1903 3456 2017 3523 fol.
2055 3459 2196 3541 148,
2242 3458 2601 3543 Augustini
2650 3475 2784 3518 cou-

508 3558 908 3625 fessionibus
953 3559 1270 3623 subnexa.

677 3663 747 3750 9)
794 3660 1069 3729 Codex
1110 3661 1557 3725 Bernensis
1605 3661 1751 3742 704,
1798 3660 2329 3726 membranaceus
2362 3660 2605 3726 saeculi
2636 3653 2786 3724 XII.

471 3764 896 3829 “Proverbia
940 3763 1255 3829 Seneche’
1315 3762 1591 3828 exhibet
1637 3761 1792 3827 inde
1834 3784 1875 3825 a
1918 3762 2030 3828 fol.
2082 3765 2113 3826 1
2158 3784 2363 3850 usque
2405 3764 2491 3828 ad
2534 3762 2647 3828 fol.
2698 3759 2783 3821 11.

507 3865 720 3929 Huius
764 3863 918 3929 libri
961 3876 1034 3930 ut
1076 3867 1402 3950 integram
1444 3864 1825 3929 adnotarem
1871 3865 2401 3950 discrepantiam,
2446 3867 2785 3953 impetrare

503 3990 543 4031 a
599 3988 702 4030 me
759 3988 888 4031 non
947 3969 1166 4053 potui,
1242 3976 1590 4055 propterea
1654 3967 1826 4053 quod
1881 3989 1956 4031 eo
2011 3968 2079 4031 in
2136 3967 2462 4031 nonnullis
2530 3964 2783 4055 quidem

503 4067 664 4132 locis
711 4070 1099 4155 optimorum
1142 4068 1440 4135 codicum
1484 4062 1937 4135 auctoritatem
1983 4070 2349 4133 confirmari
2393 4068 2568 4153 vidi,
2604 4068 2784 4147 longe

470 4168 784 4257 -plurima
828 4191 1006 4253 vero,
1054 4181 1297 4258 quanto
1344 4194 1539 4259 opere
1582 4171 1693 4237 illo
1725 4173 1853 4235 iam
1884 4170 2143 4237 saeculo
2180 4172 2543 4237 sententiae
2570 4164 2779 4233 Publi-

504 4271 717 4335 lianae
757 4273 1105 4361 depravari
1149 4284 1212 4339 et
1255 4274 1638 4359 interpolari
1668 4284 1936 4362 coeptae
1967 4276 2121 4358 sint,
2166 4282 2395 4360 aperte
2421 4272 2781 4337 ostendunt.
