2917 4950
772 339 1023 385 mma
1064 338 1532 388 PUBLILIANAS
1579 341 1962 388 RECEPTAE.
2405 329 2521 392 121

402 493 627 556 Bonus
670 491 875 556 iudex
921 491 1187 556 damnat
1233 493 1685 581 improbanda,
1731 517 1862 559 non
1906 495 2066 560 odit.

401 594 623 659 Bonus
668 593 873 658 iudex
919 603 1038 675 est,
1088 596 1199 680 qui
1244 596 1429 660 novit
1476 595 1854 682 dispensare
1899 598 2070 687 quod
2105 598 2393 664 dandum
2427 609 2526 665 est

1455 707 1523 764 et
1567 707 1909 785 quatenus.

408 797 764 864 Calamitas
810 799 1075 864 virtutis
1121 798 1377 864 occasio
1424 807 1544 865 est.

405 900 710 966 Camelus
756 901 1026 988 cupiens
1072 923 1315 966 cornua
1358 923 1547 966 aures
1593 901 1903 989 perdidit.

263 1010 353 1068 65
403 1002 619 1089 Caput
666 1003 806 1067 sine
850 1001 1079 1087 lingua
1122 1006 1449 1068 sententia
1492 1003 1761 1091 pedaria
1805 1013 1924 1070 est.

403 1105 583 1170 Casti
589 1126 675 1190 ga
717 1105 996 1168 amicum
1042 1104 1427 1188 clanculum,
1476 1105 1672 1171 lauda
1714 1105 1950 1192 palam.

403 1207 611 1272 Casus
658 1228 850 1293 quem
896 1228 1090 1294 saepe
1134 1209 1392 1289 transit,
1446 1207 1800 1294 aliquando
1844 1209 2117 1274 invenit.

402 1308 581 1379 Cave
626 1307 810 1372 illum
860 1329 1135 1395 semper,
1184 1311 1294 1395 qui
1340 1309 1466 1374 tibi
1510 1310 1822 1397 imposuit
1867 1309 2088 1376 semel.

402 1410 553 1474 Cito
596 1411 923 1475 accusaris
968 1420 1081 1476 aut
1125 1410 1413 1476 laudaris
1458 1413 1808 1476 neminem.
1904 1463 1908 1468 .

268 1521 361 1578 70
406 1511 645 1577 Civilis
690 1509 848 1576 belli
893 1510 1139 1578 oblivio
1186 1511 1481 1578 defensio
1529 1522 1647 1580 est.
1814 1514 1820 1521 ’

404 1613 769 1679 Clementia
815 1622 915 1678 est
958 1611 1191 1678 lenitas
1238 1616 1595 1701 superioris
1639 1616 1955 1680 adversus
2002 1616 2401 1681 inferiorem.

400 1714 768 1782 Clementia
812 1724 911 1780 est
955 1718 1389 1802 temperantia
1430 1719 1634 1781 animi
1677 1718 1748 1782 in
1792 1725 2118 1804 potestate
2149 1718 2529 1783 ulciscendi.

404 1817 767 1884 Clementia
808 1818 881 1882 in
925 1839 1394 1905 quamcumque
1438 1817 1703 1884 domum
1746 1820 2002 1882 venerit
2016 1868 2035 1902 ,
2083 1818 2342 1907 felicem
2388 1843 2530 1884 eam

1454 1919 2004 2011 tranquillamque
2049 1921 2430 2008 praestabit.

280 2050 291 2058 ·
405 2021 602 2106 Cogit
644 2023 957 2108 rogando,
1006 2044 1154 2087 cum
1196 2030 1384 2109 rogat
1426 2025 1776 2110 potentior.

263 2131 354 2190 75
401 2123 761 2188 Commune
803 2124 1215 2210 naufragium
1262 2125 1564 2190 omnibus
1611 2124 1851 2191 solacio
1899 2133 2018 2193 est.

404 2225 858 2291 Conscientiae
902 2228 1120 2312 potius
1167 2249 1357 2313 quam
1403 2227 1617 2292 famae
1661 2226 2038 2291 attenderis

404 2326 763 2393 Considera
808 2327 966 2414 quid
1012 2328 1216 2412 dicaS,
1262 2350 1395 2393 non
1438 2329 1594 2416 quid
1643 2329 1917 2414 cogites.

366 2423 822 2496 “Consuetudo
866 2429 1182 2517 peccandi
1226 2430 1717 2497 multitudinem
1762 2429 1921 2496 facit
1966 2431 2398 2520 peccantium.

402 2531 676 2597 Consuli
719 2532 983 2621 quidem
1027 2534 1245 2599 omnia
1289 2533 1553 2616 debent,
1601 2555 1830 2598 verum
1873 2555 2004 2598 non
2047 2533 2132 2597 ab
2178 2534 2503 2599 omnibus.

264 2645 357 2702 80
404 2635 865 2723 Contemptum
909 2636 1350 2723 periculorum
1394 2635 1751 2701 assiduitas
1797 2634 2217 2722 periclitandi
2263 2634 2442 2700 facit.

406 2737 768 2803 Conterunt
812 2736 1071 2824 plebeia
1116 2736 1361 2803 celsum
1404 2758 1600 2824 saepe
1645 2738 1822 2802 dicta
1867 2738 2200 2801 verticem.

409 2839 645 2905 Coram
690 2862 817 2903 uno
861 2837 1114 2928 aliquid
1158 2849 1346 2927 turpe
1392 2839 1640 2905 dictum
1682 2838 1974 2905 ridemus
2020 2848 2086 2904 et
2129 2857 2342 2902 coram
2388 2836 2528 2925 plu-

1456 2942 1640 3007 ribus
1686 2940 2126 3027 indignamur.

405 3043 653 3109 Crebro
700 3044 759 3108 si
802 3046 1027 3129 iacias,
1074 3043 1255 3109 aliud
1299 3042 1462 3108 alias
1509 3045 1761 3109 ieceris.

406 3145 533 3210 Cui
578 3147 886 3211 convenit
930 3168 1078 3210 cum
1121 3155 1526 3233 paupertate,
1574 3145 1761 3211 dives
1809 3154 1929 3211 est.

269 3254 357 3313 85
407 3246 638 3312 Cuivis
683 3247 922 3312 artifici
967 3248 1039 3311 in
1079 3257 1220 3312 arte
1266 3247 1666 3314 credendum
1711 3256 1811 3321 est
1853 3268 1992 3311 sua.

430 3527 507 3583 61
554 3528 627 3584 R.
664 3526 788 3583 8611.
824 3527 997 3585 deira
1032 3528 1089 3600 1,
1124 3528 1224 3599 16,
1259 3526 1293 3583 7
1494 3526 1571 3584 62
1623 3526 1720 3583 Go.
1754 3524 1827 3581 Dc
1859 3542 1998 3582 mor.
2036 3527 2116 3584 96
2304 3526 2382 3584 63
2429 3528 2526 3582 Ps.

228 3614 363 3669 8611.
395 3611 461 3667 de
489 3629 667 3713 prov.
676 3611 736 3685 4,
764 3612 799 3669 6
920 3611 999 3670 64
1044 3614 1153 3669 Bo.
1187 3611 1503 3686 Apostolius
1535 3601 1572 3683 ἡ
1607 3600 1872 3686 κάμηλος
1903 3600 2322 3684 ἐπιθυμήσασαι
2351 3601 2526 3685 κερά-

228 3714 355 3753 των
385 3690 488 3751 καὶ
517 3684 588 3752 τὰ
619 3715 739 3752 novoe
768 3689 1218 3771 προςαπωλεσεν
1390 3696 1470 3753 65
1515 3698 1614 3753 Ps.
1792 3697 1870 3754 66
1916 3698 1986 3753 F.
2020 3696 2092 3751 De
2124 3712 2259 3751 mor.
2296 3695 2374 3751 12

232 3782 317 3841 67
362 3783 462 3839 Ps.
497 3782 622 3838 8611.
654 3782 813 3838 Herc.
844 3782 947 3838 sur.
982 3783 1103 3840 332
1224 3781 1301 3839 68
1350 3782 1455 3839 Bo.
1490 3780 1645 3837 Hom.
1676 3781 1822 3837 Iliad.
1860 3782 1920 3854 9,
1954 3780 2077 3838 374
2101 3798 2182 3855 sq.
2217 3797 2300 3854 ap.
2326 3778 2532 3837 Erasm.

228 3867 407 3941 Adag.
438 3867 475 3927 1.
510 3885 557 3922 6.
593 3885 687 3941 pg.
721 3866 841 3924 752
1046 3868 1123 3925 69
1170 3868 1279 3925 Bo.
1316 3867 1386 3922 De
1416 3884 1554 3923 mor.
1589 3867 1666 3924 7.6
1872 3866 1953 3923 70
1995 3866 2092 3922 Ps.
2279 3865 2377 3921 71.
2428 3864 2527 3921 72.

231 3953 317 4010 73
365 3953 466 4013 Go.
501 3951 624 4007 8611.
656 3951 724 4007 de
754 3952 907 4008 clem.
944 3954 1013 4024 2,
1048 3952 1117 4025 3,
1155 3952 1207 4007 1.
1249 3952 1307 4024 1,
1339 3951 1400 4024 5,
1431 3950 1472 4006 4
1688 3949 1767 4008 74
1815 3951 1898 4006 Gr
1929 3949 1984 4006 2.
2017 3948 2097 4007 cf.
2130 3967 2304 4025 supra
2323 3968 2372 4006 v.
2408 3950 2525 4007 661

448 4036 526 4093 75
574 4038 683 4094 Bo.
714 4034 914 4093 Erasm.
949 4037 1116 4111 Adag.
1153 4055 1206 4111 p.
1242 4036 1367 4094 380
1583 4035 1661 4093 76
1711 4036 1794 4093 Gr
1824 4035 1879 4091 2.
1912 4034 2063 4092 Caec.
2095 4035 2240 4093 Balb.
2271 4036 2394 4091 Par.
2426 4036 2526 4107 65,

228 4140 327 4196 pg.
361 4121 441 4176 42
579 4122 658 4178 77
707 4121 803 4177 Ps.
936 4122 1014 4179 78
1064 4122 1160 4179 Go.
1193 4122 1318 4177 8611.
1351 4121 1420 4177 de
1451 4120 1607 4176 clem.
1647 4120 1704 4193 1,
1738 4120 1839 4193 22,
1875 4119 1910 4176 2
2042 4121 2120 4179 79
2169 4122 2252 4179 Gr
2283 4120 2338 4176 2.
2372 4120 2524 4177 Caec.

229 4205 379 4263 Balb.
413 4205 553 4262 Mon.
588 4206 689 4277 28,
721 4205 782 4277 4,
813 4224 907 4280 pg.
942 4206 1021 4263 29
1174 4207 1257 4265 80
1288 4206 1359 4262 R.
1392 4206 1518 4262 8611.
1549 4206 1615 4261 de
1646 4206 1854 4280 provid.
1887 4205 1949 4280 4,
1986 4201 2061 4263 12
2214 4205 2292 4262 81
2341 4206 2409 4259 F.

232 4291 315 4349 82
365 4292 438 4347 R.
474 4291 597 4348 8611.
629 4291 695 4347 de
726 4298 900 4347 const.
933 4308 1046 4365 sap.
1079 4292 1177 4363 16,
1202 4291 1241 4346 4
1372 4291 1451 4349 83
1499 4293 1608 4349 Bo.
1639 4291 1841 4348 Erasm.
1876 4292 2041 4365 Adag.
2173 4288 2253 4347 84
2300 4290 2369 4345 F.
2403 4289 2528 4346 8611.

230 4377 395 4451 epist.
431 4375 491 4447 2,
525 4376 560 4433 6
734 4374 814 4433 85
861 4378 968 4434 Bo.
999 4376 1202 4432 Erasmi
1234 4376 1398 4449 Adag.
