<?xml version="1.0" encoding="UTF-8"?>
<!DOCTYPE html PUBLIC "-//W3C//DTD XHTML 1.0 Transitional//EN"
    "http://www.w3.org/TR/xhtml1/DTD/xhtml1-transitional.dtd">
<html xmlns="http://www.w3.org/1999/xhtml" xml:lang="en" lang="en">
 <head>
  <title>
</title>
<meta http-equiv="Content-Type" content="text/html;charset=utf-8" />
  <meta name='ocr-system' content='tesseract 3.04.00' />
  <meta name='ocr-capabilities' content='ocr_page ocr_carea ocr_par ocr_line ocrx_word'/>
</head>
<body>
  <div class='ocr_page' id='page_1' title='image "./publiliisyrisen00martgoog/publiliisyrisen00martgoog_0080.png"; bbox 0 0 2917 4950; ppageno 0'>
   <div class='ocr_carea' id='block_1_1' title="bbox 424 315 2081 379">
    <p class='ocr_par' dir='ltr' id='par_1_1' title="bbox 424 315 2081 379">
     <span class='ocr_line' id='line_1_1' title="bbox 424 315 2081 379; baseline -0.004 0"><span class='ocrx_word' id='word_1_1' title='bbox 424 315 508 379; x_wconf 86' lang='grc'><strong>70</strong></span> <span class='ocrx_word' id='word_1_2' title='bbox 1059 326 1372 375; x_wconf 77' lang='lat' dir='ltr'><strong>runmmx</strong></span> <span class='ocrx_word' id='word_1_3' title='bbox 1417 326 1578 374; x_wconf 69' lang='lat' dir='ltr'><strong>suu</strong></span> <span class='ocrx_word' id='word_1_4' title='bbox 1622 326 2081 376; x_wconf 68' lang='lat' dir='ltr'><strong>semmurum.</strong></span> 
     </span>
    </p>
   </div>
   <div class='ocr_carea' id='block_1_2' title="bbox 471 479 2614 1894">
    <p class='ocr_par' dir='ltr' id='par_1_2' title="bbox 471 479 2614 1894">
     <span class='ocr_line' id='line_1_2' title="bbox 595 479 2597 568; baseline -0.003 -20"><span class='ocrx_word' id='word_1_5' title='bbox 595 484 848 549; x_wconf 90' lang='lat' dir='ltr'><strong>Bonum</strong></span> <span class='ocrx_word' id='word_1_6' title='bbox 894 480 1068 568; x_wconf 93' lang='lat' dir='ltr'><strong>quod</strong></span> <span class='ocrx_word' id='word_1_7' title='bbox 1113 493 1212 544; x_wconf 87' lang='lat' dir='ltr'><strong>est</strong></span> <span class='ocrx_word' id='word_1_8' title='bbox 1255 479 1707 566; x_wconf 78' lang='lat' dir='ltr'><strong>subprimitur,</strong></span> <span class='ocrx_word' id='word_1_9' title='bbox 1751 501 2106 566; x_wconf 83' lang='lat' dir='ltr'><strong>numquam</strong></span> <span class='ocrx_word' id='word_1_10' title='bbox 2150 480 2597 565; x_wconf 68' lang='lat' dir='ltr'><strong>extinguitur.</strong></span> 
     </span>
     <span class='ocr_line' id='line_1_3' title="bbox 598 581 1951 668; baseline -0.003 -19"><span class='ocrx_word' id='word_1_11' title='bbox 598 585 715 649; x_wconf 90' lang='lat' dir='ltr'><strong>Bis</strong></span> <span class='ocrx_word' id='word_1_12' title='bbox 762 584 971 647; x_wconf 86' lang='lat' dir='ltr'><strong>vincit</strong></span> <span class='ocrx_word' id='word_1_13' title='bbox 1016 583 1128 668; x_wconf 77' lang='lat' dir='ltr'><strong>qui</strong></span> <span class='ocrx_word' id='word_1_14' title='bbox 1172 603 1244 646; x_wconf 86' lang='lat' dir='ltr'><strong>se</strong></span> <span class='ocrx_word' id='word_1_15' title='bbox 1289 583 1497 646; x_wconf 83' lang='lat' dir='ltr'><strong>vincit</strong></span> <span class='ocrx_word' id='word_1_16' title='bbox 1538 581 1605 646; x_wconf 85' lang='lat' dir='ltr'><strong>in</strong></span> <span class='ocrx_word' id='word_1_17' title='bbox 1650 582 1951 648; x_wconf 84' lang='lat' dir='ltr'><strong>victoria.</strong></span> 
     </span>
     <span class='ocr_line' id='line_1_4' title="bbox 471 680 2043 771; baseline -0.004 -18"><span class='ocrx_word' id='word_1_18' title='bbox 471 694 550 754; x_wconf 83' lang='lat'><strong>65</strong></span> <span class='ocrx_word' id='word_1_19' title='bbox 595 686 931 771; x_wconf 86' lang='lat' dir='ltr'><strong>Benignus</strong></span> <span class='ocrx_word' id='word_1_20' title='bbox 978 685 1174 748; x_wconf 72' lang='lat' dir='ltr'><strong>etiam</strong></span> <span class='ocrx_word' id='word_1_21' title='bbox 1219 705 1483 748; x_wconf 75' lang='lat' dir='ltr'><strong>causam</strong></span> <span class='ocrx_word' id='word_1_22' title='bbox 1528 680 1733 746; x_wconf 85' lang='lat' dir='ltr'><strong>dandi</strong></span> <span class='ocrx_word' id='word_1_23' title='bbox 1776 684 2043 769; x_wconf 77' lang='lat' dir='ltr'><strong>cogitat.</strong></span> 
     </span>
     <span class='ocr_line' id='line_1_5' title="bbox 594 785 1994 872; baseline -0.001 -20"><span class='ocrx_word' id='word_1_24' title='bbox 594 788 711 853; x_wconf 91' lang='lat' dir='ltr'><strong>Bis</strong></span> <span class='ocrx_word' id='word_1_25' title='bbox 756 787 1172 868; x_wconf 82' lang='lat' dir='ltr'><strong>interimitur,</strong></span> <span class='ocrx_word' id='word_1_26' title='bbox 1219 787 1334 872; x_wconf 91' lang='lat' dir='ltr'><strong>qui</strong></span> <span class='ocrx_word' id='word_1_27' title='bbox 1379 785 1513 848; x_wconf 88' lang='lat' dir='ltr'><strong>suis</strong></span> <span class='ocrx_word' id='word_1_28' title='bbox 1558 786 1756 850; x_wconf 81' lang='lat' dir='ltr'><strong>armis</strong></span> <span class='ocrx_word' id='word_1_29' title='bbox 1802 786 1994 872; x_wconf 89' lang='lat' dir='ltr'><strong>perit.</strong></span> 
     </span>
     <span class='ocr_line' id='line_1_6' title="bbox 597 887 2467 983; baseline -0.002 -29"><span class='ocrx_word' id='word_1_30' title='bbox 597 890 779 954; x_wconf 84' lang='lat' dir='ltr'>Bene</span> <span class='ocrx_word' id='word_1_31' title='bbox 823 887 1085 970; x_wconf 82' lang='lat' dir='ltr'><strong>dormit,</strong></span> <span class='ocrx_word' id='word_1_32' title='bbox 1134 888 1247 974; x_wconf 86' lang='lat' dir='ltr'><strong>qui</strong></span> <span class='ocrx_word' id='word_1_33' title='bbox 1288 909 1420 952; x_wconf 90' lang='lat' dir='ltr'><strong>non</strong></span> <span class='ocrx_word' id='word_1_34' title='bbox 1467 887 1667 952; x_wconf 81' lang='lat' dir='ltr'><strong>sentit</strong></span> <span class='ocrx_word' id='word_1_35' title='bbox 1712 909 1907 974; x_wconf 81' lang='lat' dir='ltr'><strong>quam</strong></span> <span class='ocrx_word' id='word_1_36' title='bbox 1950 887 2120 983; x_wconf 76' lang='lat' dir='ltr'><strong>male</strong></span> <span class='ocrx_word' id='word_1_37' title='bbox 2164 887 2467 952; x_wconf 84' lang='lat' dir='ltr'><strong>dormiat.</strong></span> 
     </span>
     <span class='ocr_line' id='line_1_7' title="bbox 597 987 2083 1058; baseline -0.003 0"><span class='ocrx_word' id='word_1_38' title='bbox 597 992 931 1058; x_wconf 85' lang='lat' dir='ltr'><strong>Bonorum</strong></span> <span class='ocrx_word' id='word_1_39' title='bbox 981 990 1228 1054; x_wconf 78' lang='lat' dir='ltr'><strong>crimen</strong></span> <span class='ocrx_word' id='word_1_40' title='bbox 1271 987 1603 1056; x_wconf 81' lang='lat' dir='ltr'><strong>officiosus</strong></span> <span class='ocrx_word' id='word_1_41' title='bbox 1648 999 1749 1054; x_wconf 88' lang='lat' dir='ltr'><strong>est</strong></span> <span class='ocrx_word' id='word_1_42' title='bbox 1792 990 2011 1054; x_wconf 86' lang='lat' dir='ltr'><strong>miser.</strong></span> <span class='ocrx_word' id='word_1_43' title='bbox 2074 1025 2083 1032; x_wconf 96' lang='lat'>-</span> 
     </span>
     <span class='ocr_line' id='line_1_8' title="bbox 593 1091 2614 1180; baseline 0.001 -22"><span class='ocrx_word' id='word_1_44' title='bbox 593 1094 780 1161; x_wconf 85' lang='lat' dir='ltr'><strong>Bona</strong></span> <span class='ocrx_word' id='word_1_45' title='bbox 823 1093 998 1156; x_wconf 81' lang='lat' dir='ltr'><strong>fama</strong></span> <span class='ocrx_word' id='word_1_46' title='bbox 1039 1093 1112 1157; x_wconf 91' lang='lat' dir='ltr'><strong>in</strong></span> <span class='ocrx_word' id='word_1_47' title='bbox 1153 1091 1444 1156; x_wconf 87' lang='lat' dir='ltr'><strong>tenebris</strong></span> <span class='ocrx_word' id='word_1_48' title='bbox 1488 1092 1827 1178; x_wconf 84' lang='lat' dir='ltr'><strong>proprium</strong></span> <span class='ocrx_word' id='word_1_49' title='bbox 1870 1091 2285 1180; x_wconf 81' lang='lat' dir='ltr'><strong>splendorem</strong></span> <span class='ocrx_word' id='word_1_50' title='bbox 2329 1092 2614 1178; x_wconf 87' lang='lat' dir='ltr'><strong>optinet.</strong></span> 
     </span>
     <span class='ocr_line' id='line_1_9' title="bbox 473 1193 2145 1280; baseline -0.004 -17"><span class='ocrx_word' id='word_1_51' title='bbox 473 1205 554 1263; x_wconf 85' lang='lat'><strong>70</strong></span> <span class='ocrx_word' id='word_1_52' title='bbox 596 1197 775 1260; x_wconf 89' lang='lat' dir='ltr'><strong>Bene</strong></span> <span class='ocrx_word' id='word_1_53' title='bbox 823 1196 1110 1280; x_wconf 81' lang='lat' dir='ltr'><strong>cogitata</strong></span> <span class='ocrx_word' id='word_1_54' title='bbox 1155 1194 1212 1258; x_wconf 89' lang='lat' dir='ltr'><strong>si</strong></span> <span class='ocrx_word' id='word_1_55' title='bbox 1258 1193 1593 1275; x_wconf 87' lang='lat' dir='ltr'><strong>excidunt,</strong></span> <span class='ocrx_word' id='word_1_56' title='bbox 1643 1215 1776 1258; x_wconf 91' lang='lat' dir='ltr'><strong>non</strong></span> <span class='ocrx_word' id='word_1_57' title='bbox 1820 1193 2145 1259; x_wconf 90' lang='lat' dir='ltr'><strong>occidunt.</strong></span> 
     </span>
     <span class='ocr_line' id='line_1_10' title="bbox 596 1293 2311 1385; baseline -0.002 -23"><span class='ocrx_word' id='word_1_58' title='bbox 596 1298 775 1364; x_wconf 91' lang='lat' dir='ltr'><strong>Bene</strong></span> <span class='ocrx_word' id='word_1_59' title='bbox 820 1297 1038 1385; x_wconf 88' lang='lat' dir='ltr'><strong>perdit</strong></span> <span class='ocrx_word' id='word_1_60' title='bbox 1080 1316 1399 1377; x_wconf 88' lang='lat' dir='ltr'><strong>nummos,</strong></span> <span class='ocrx_word' id='word_1_61' title='bbox 1445 1293 1653 1360; x_wconf 83' lang='lat' dir='ltr'><strong>iudici</strong></span> <span class='ocrx_word' id='word_1_62' title='bbox 1698 1317 1846 1360; x_wconf 90' lang='lat' dir='ltr'><strong>cum</strong></span> <span class='ocrx_word' id='word_1_63' title='bbox 1890 1297 2004 1361; x_wconf 85' lang='lat' dir='ltr'><strong>dat</strong></span> <span class='ocrx_word' id='word_1_64' title='bbox 2046 1319 2311 1361; x_wconf 79' lang='lat' dir='ltr'><strong>nocens,</strong></span> 
     </span>
     <span class='ocr_line' id='line_1_11' title="bbox 596 1397 2403 1486; baseline -0.002 -23"><span class='ocrx_word' id='word_1_65' title='bbox 596 1399 782 1465; x_wconf 85' lang='lat' dir='ltr'><strong>Bona.</strong></span> <span class='ocrx_word' id='word_1_66' title='bbox 826 1419 994 1485; x_wconf 74' lang='lat' dir='ltr'><strong>quae</strong></span> <span class='ocrx_word' id='word_1_67' title='bbox 1037 1397 1331 1480; x_wconf 84' lang='lat' dir='ltr'><strong>veniunt,</strong></span> <span class='ocrx_word' id='word_1_68' title='bbox 1376 1399 1445 1460; x_wconf 89' lang='lat' dir='ltr'><strong>ni</strong></span> <span class='ocrx_word' id='word_1_69' title='bbox 1493 1398 1955 1482; x_wconf 80' lang='lat' dir='ltr'><strong>sustineantur,</strong></span> <span class='ocrx_word' id='word_1_70' title='bbox 2002 1400 2403 1486; x_wconf 89' lang='lat' dir='ltr'><strong>opprimunt.</strong></span> 
     </span>
     <span class='ocr_line' id='line_1_12' title="bbox 597 1499 2298 1588; baseline -0.001 -23"><span class='ocrx_word' id='word_1_71' title='bbox 597 1501 783 1566; x_wconf 89' lang='lat' dir='ltr'><strong>Bona</strong></span> <span class='ocrx_word' id='word_1_72' title='bbox 831 1499 1134 1588; x_wconf 86' lang='lat' dir='ltr'><strong>[semper]</strong></span> <span class='ocrx_word' id='word_1_73' title='bbox 1183 1500 1547 1587; x_wconf 77' lang='lat' dir='ltr'><strong>imperante</strong></span> <span class='ocrx_word' id='word_1_74' title='bbox 1586 1501 1805 1567; x_wconf 77' lang='lat' dir='ltr'><strong>animo</strong></span> <span class='ocrx_word' id='word_1_75' title='bbox 1850 1499 2131 1588; x_wconf 83' lang='lat' dir='ltr'><strong>pecunia</strong></span> <span class='ocrx_word' id='word_1_76' title='bbox 2176 1509 2298 1564; x_wconf 88' lang='lat' dir='ltr'><strong>est.</strong></span> 
     </span>
     <span class='ocr_line' id='line_1_13' title="bbox 599 1600 2146 1668; baseline -0.001 -1"><span class='ocrx_word' id='word_1_77' title='bbox 599 1602 855 1668; x_wconf 90' lang='lat' dir='ltr'><strong>Bonum</strong></span> <span class='ocrx_word' id='word_1_78' title='bbox 899 1600 986 1665; x_wconf 82' lang='lat' dir='ltr'><strong>ad</strong></span> <span class='ocrx_word' id='word_1_79' title='bbox 1029 1602 1246 1666; x_wconf 84' lang='lat' dir='ltr'><strong>virum</strong></span> <span class='ocrx_word' id='word_1_80' title='bbox 1289 1601 1420 1666; x_wconf 83' lang='lat' dir='ltr'><strong>cito</strong></span> <span class='ocrx_word' id='word_1_81' title='bbox 1466 1604 1745 1667; x_wconf 85' lang='lat' dir='ltr'><strong>moritur</strong></span> <span class='ocrx_word' id='word_1_82' title='bbox 1786 1601 2146 1666; x_wconf 84' lang='lat' dir='ltr'><strong>iracundia.</strong></span> 
     </span>
     <span class='ocr_line' id='line_1_14' title="bbox 476 1695 2131 1791; baseline -0.001 -22"><span class='ocrx_word' id='word_1_83' title='bbox 476 1695 510 1769; x_wconf 83' lang='lat'><strong>7&#39;</strong></span> <span class='ocrx_word' id='word_1_84' title='bbox 516 1713 554 1769; x_wconf 84' lang='lat'>5</span> <span class='ocrx_word' id='word_1_85' title='bbox 599 1704 1003 1769; x_wconf 84' lang='lat' dir='ltr'><strong>Brevissima</strong></span> <span class='ocrx_word' id='word_1_86' title='bbox 1047 1705 1192 1791; x_wconf 84' lang='lat' dir='ltr'><strong>ipsa</strong></span> <span class='ocrx_word' id='word_1_87' title='bbox 1233 1713 1334 1769; x_wconf 88' lang='lat' dir='ltr'><strong>est</strong></span> <span class='ocrx_word' id='word_1_88' title='bbox 1376 1705 1690 1770; x_wconf 80' lang='lat' dir='ltr'><strong>memoria</strong></span> <span class='ocrx_word' id='word_1_89' title='bbox 1732 1703 2131 1770; x_wconf 79' lang='lat' dir='ltr'><strong>iracundiae.</strong></span> 
     </span>
     <span class='ocr_line' id='line_1_15' title="bbox 599 1803 2275 1894; baseline -0.002 -23"><span class='ocrx_word' id='word_1_90' title='bbox 599 1808 783 1871; x_wconf 87' lang='lat' dir='ltr'><strong>Bona</strong></span> <span class='ocrx_word' id='word_1_91' title='bbox 827 1803 1166 1893; x_wconf 89' lang='lat' dir='ltr'><strong>turpitudo</strong></span> <span class='ocrx_word' id='word_1_92' title='bbox 1213 1816 1333 1889; x_wconf 85' lang='lat' dir='ltr'><strong>est,</strong></span> <span class='ocrx_word' id='word_1_93' title='bbox 1382 1828 1548 1892; x_wconf 83' lang='lat' dir='ltr'><strong>quae</strong></span> <span class='ocrx_word' id='word_1_94' title='bbox 1590 1805 1911 1894; x_wconf 89' lang='lat' dir='ltr'><strong>periclum</strong></span> <span class='ocrx_word' id='word_1_95' title='bbox 1959 1805 2275 1869; x_wconf 82' lang='lat' dir='ltr'><strong>vindicat.</strong></span> 
     </span>
    </p>
   </div>
   <div class='ocr_carea' id='block_1_3' title="bbox 433 1964 838 1972">
    <p class='ocr_par' dir='ltr' id='par_1_3' title="bbox 433 1964 838 1972">
     <span class='ocr_line' id='line_1_16' title="bbox 433 1964 838 1972; baseline 0 2978"><span class='ocrx_word' id='word_1_96' title='bbox 433 1964 838 1972; x_wconf 95' lang='lat' dir='ltr'><strong> </strong></span> 
     </span>
    </p>
   </div>
   <div class='ocr_carea' id='block_1_4' title="bbox 433 2032 1613 2106">
    <p class='ocr_par' dir='ltr' id='par_1_4' title="bbox 433 2032 1613 2106">
     <span class='ocr_line' id='line_1_17' title="bbox 433 2032 1613 2106; baseline -0.003 -13"><span class='ocrx_word' id='word_1_97' title='bbox 433 2049 700 2093; x_wconf 76' lang='lat' dir='ltr'><strong>comens</strong></span> <span class='ocrx_word' id='word_1_98' title='bbox 747 2053 796 2093; x_wconf 90' lang='lat' dir='ltr'><strong>v.</strong></span> <span class='ocrx_word' id='word_1_99' title='bbox 832 2034 1114 2090; x_wconf 82' lang='lat'>44—78:</span> <span class='ocrx_word' id='word_1_100' title='bbox 1159 2034 1444 2090; x_wconf 80' lang='lat' dir='ltr'><strong>PRBFV</strong></span> <span class='ocrx_word' id='word_1_101' title='bbox 1472 2032 1613 2106; x_wconf 86' lang='lat' dir='ltr'><em>(EC)</em></span> 
     </span>
    </p>
   </div>
   <div class='ocr_carea' id='block_1_5' title="bbox 423 2152 2762 4433">
    <p class='ocr_par' dir='ltr' id='par_1_5' title="bbox 423 2152 2762 4433">
     <span class='ocr_line' id='line_1_18' title="bbox 604 2152 2753 2227; baseline 0 -17"><span class='ocrx_word' id='word_1_102' title='bbox 604 2153 682 2211; x_wconf 91' lang='grc'><strong>63</strong></span> <span class='ocrx_word' id='word_1_103' title='bbox 731 2152 876 2227; x_wconf 85' lang='lat' dir='ltr'><strong>quod</strong></span> <span class='ocrx_word' id='word_1_104' title='bbox 921 2161 1005 2209; x_wconf 83' lang='lat' dir='ltr'><strong>est</strong></span> <span class='ocrx_word' id='word_1_105' title='bbox 1047 2152 1278 2209; x_wconf 68' lang='lat' dir='ltr'><strong>RBFV</strong></span> <span class='ocrx_word' id='word_1_106' title='bbox 1321 2152 1503 2208; x_wconf 79' lang='lat' dir='ltr'><strong>Bern.</strong></span> <span class='ocrx_word' id='word_1_107' title='bbox 1542 2153 1803 2210; x_wconf 74' lang='lat' dir='ltr'><strong>Palatini</strong></span> <span class='ocrx_word' id='word_1_108' title='bbox 1818 2178 1833 2206; x_wconf 88' lang='lat'><strong>.-</strong></span> <span class='ocrx_word' id='word_1_109' title='bbox 1890 2153 2104 2226; x_wconf 78' lang='lat' dir='ltr'><strong>quidem</strong></span> <span class='ocrx_word' id='word_1_110' title='bbox 2148 2153 2226 2224; x_wconf 90' lang='lat' dir='ltr'><strong>P,</strong></span> <span class='ocrx_word' id='word_1_111' title='bbox 2282 2153 2429 2226; x_wconf 86' lang='lat' dir='ltr'><strong>quod</strong></span> <span class='ocrx_word' id='word_1_112' title='bbox 2471 2155 2753 2210; x_wconf 70' lang='lat' dir='ltr'><strong>Pentha-</strong></span> 
     </span>
     <span class='ocr_line' id='line_1_19' title="bbox 431 2236 2762 2312; baseline 0 -16"><span class='ocrx_word' id='word_1_113' title='bbox 431 2243 593 2309; x_wconf 76' lang='lat' dir='ltr'><strong>lecm,</strong></span> <span class='ocrx_word' id='word_1_114' title='bbox 643 2245 727 2294; x_wconf 83' lang='lat' dir='ltr'><strong>est</strong></span> <span class='ocrx_word' id='word_1_115' title='bbox 760 2238 833 2309; x_wconf 77' lang='lat'><strong>0,</strong></span> <span class='ocrx_word' id='word_1_116' title='bbox 879 2239 1092 2294; x_wconf 85' lang='lat' dir='ltr'><strong>tametsi</strong></span> <span class='ocrx_word' id='word_1_117' title='bbox 1125 2239 1414 2296; x_wconf 61' lang='lat' dir='ltr'><strong>Erasmus</strong></span> <span class='ocrx_word' id='word_1_118' title='bbox 1582 2236 1939 2312; x_wconf 83' lang='lat' dir='ltr'><strong>subprimitur</strong></span> <span class='ocrx_word' id='word_1_119' title='bbox 1977 2238 2174 2294; x_wconf 84' lang='lat' dir='ltr'><strong>PRB:</strong></span> <span class='ocrx_word' id='word_1_120' title='bbox 2218 2239 2577 2312; x_wconf 84' lang='lat' dir='ltr'><strong>supprimitur</strong></span> <span class='ocrx_word' id='word_1_121' title='bbox 2620 2237 2762 2296; x_wconf 86' lang='lat' dir='ltr'><strong>FV</strong></span> 
     </span>
     <span class='ocr_line' id='line_1_20' title="bbox 433 2321 2751 2396; baseline 0 -16"><span class='ocrx_word' id='word_1_122' title='bbox 433 2324 604 2380; x_wconf 72' lang='lat' dir='ltr'><strong>Pane.</strong></span> <span class='ocrx_word' id='word_1_123' title='bbox 646 2324 694 2379; x_wconf 86' lang='lat' dir='ltr'><strong>si</strong></span> <span class='ocrx_word' id='word_1_124' title='bbox 727 2323 1052 2396; x_wconf 84' lang='lat' dir='ltr'><strong>obprimitur</strong></span> <span class='ocrx_word' id='word_1_125' title='bbox 1085 2323 1137 2377; x_wconf 89' lang='lat' dir='ltr'><strong>B</strong></span> <span class='ocrx_word' id='word_1_126' title='bbox 1181 2339 1298 2379; x_wconf 83' lang='lat' dir='ltr'><strong>sec.</strong></span> <span class='ocrx_word' id='word_1_127' title='bbox 1341 2339 1410 2380; x_wconf 86' lang='lat' dir='ltr'><strong>m.</strong></span> <span class='ocrx_word' id='word_1_128' title='bbox 1443 2323 1627 2379; x_wconf 83' lang='lat' dir='ltr'><strong>Bern.</strong></span> <span class='ocrx_word' id='word_1_129' title='bbox 1668 2323 1715 2377; x_wconf 91' lang='lat' dir='ltr'><strong>si</strong></span> <span class='ocrx_word' id='word_1_130' title='bbox 1756 2321 2021 2396; x_wconf 85' lang='lat' dir='ltr'><strong>premitur</strong></span> <span class='ocrx_word' id='word_1_131' title='bbox 2053 2322 2113 2393; x_wconf 82' lang='lat' dir='ltr'><strong>G,</strong></span> <span class='ocrx_word' id='word_1_132' title='bbox 2144 2323 2408 2379; x_wconf 78' lang='lat' dir='ltr'><strong>Palatini</strong></span> <span class='ocrx_word' id='word_1_133' title='bbox 2575 2341 2751 2380; x_wconf 87' lang='lat' dir='ltr'><strong>num-</strong></span> 
     </span>
     <span class='ocr_line' id='line_1_21' title="bbox 436 2393 2748 2484; baseline 0 -20"><span class='ocrx_word' id='word_1_134' title='bbox 436 2425 596 2483; x_wconf 85' lang='lat' dir='ltr'><strong>quam</strong></span> <span class='ocrx_word' id='word_1_135' title='bbox 625 2409 714 2464; x_wconf 87' lang='lat' dir='ltr'><strong>B.-</strong></span> <span class='ocrx_word' id='word_1_136' title='bbox 769 2424 997 2483; x_wconf 80' lang='lat' dir='ltr'><strong>nequam</strong></span> <span class='ocrx_word' id='word_1_137' title='bbox 1039 2409 1145 2465; x_wconf 86' lang='lat' dir='ltr'><strong>PR</strong></span> <span class='ocrx_word' id='word_1_138' title='bbox 1189 2407 1455 2481; x_wconf 72' lang='lat' dir='ltr'><strong>Scccliqer</strong></span> <span class='ocrx_word' id='word_1_139' title='bbox 1495 2393 1766 2484; x_wconf 75' lang='grc' dir='ltr'><em>τάγαθὸν</em></span> <span class='ocrx_word' id='word_1_140' title='bbox 1818 2397 2131 2481; x_wconf 73' lang='grc' dir='ltr'><strong>ἐκρύφθη,</strong></span> <span class='ocrx_word' id='word_1_141' title='bbox 2183 2393 2249 2462; x_wconf 81' lang='grc' dir='ltr'><strong>τὸ</strong></span> <span class='ocrx_word' id='word_1_142' title='bbox 2293 2400 2356 2464; x_wconf 81' lang='grc' dir='ltr'><strong>δὲ</strong></span> <span class='ocrx_word' id='word_1_143' title='bbox 2394 2393 2582 2463; x_wconf 79' lang='grc' dir='ltr'><strong><em>κακὸν</em></strong></span> <span class='ocrx_word' id='word_1_144' title='bbox 2630 2403 2748 2464; x_wconf 78' lang='grc' dir='ltr'><strong>καὶ</strong></span> 
     </span>
     <span class='ocr_line' id='line_1_22' title="bbox 432 2486 2751 2569; baseline 0.001 -20"><span class='ocrx_word' id='word_1_145' title='bbox 432 2486 780 2569; x_wconf 73' lang='grc' dir='ltr'><strong><em>σβέννυται,</em></strong></span> <span class='ocrx_word' id='word_1_146' title='bbox 823 2510 1162 2567; x_wconf 83' lang='lat' dir='ltr'><strong>nequaquam</strong></span> <span class='ocrx_word' id='word_1_147' title='bbox 1196 2493 1251 2548; x_wconf 90' lang='lat' dir='ltr'><strong>B</strong></span> <span class='ocrx_word' id='word_1_148' title='bbox 1291 2510 1406 2549; x_wconf 82' lang='lat' dir='ltr'><strong>see.</strong></span> <span class='ocrx_word' id='word_1_149' title='bbox 1451 2513 1523 2554; x_wconf 87' lang='lat' dir='ltr'><strong>m.</strong></span> <span class='ocrx_word' id='word_1_150' title='bbox 1558 2510 1713 2550; x_wconf 89' lang='lat' dir='ltr'><strong>corr.</strong></span> <span class='ocrx_word' id='word_1_151' title='bbox 1749 2494 1867 2549; x_wconf 86' lang='lat' dir='ltr'><strong>FV</strong></span> <span class='ocrx_word' id='word_1_152' title='bbox 1894 2493 2073 2549; x_wconf 86' lang='lat' dir='ltr'><strong>Bern.</strong></span> <span class='ocrx_word' id='word_1_153' title='bbox 2121 2494 2165 2550; x_wconf 81' lang='lat'><em>0</em></span> <span class='ocrx_word' id='word_1_154' title='bbox 2190 2493 2361 2550; x_wconf 77' lang='lat' dir='ltr'><strong>Pane.</strong></span> <span class='ocrx_word' id='word_1_155' title='bbox 2395 2509 2504 2549; x_wconf 88' lang='lat' dir='ltr'><strong>non</strong></span> <span class='ocrx_word' id='word_1_156' title='bbox 2539 2491 2751 2551; x_wconf 77' lang='lat' dir='ltr'><strong>Eras-</strong></span> 
     </span>
     <span class='ocr_line' id='line_1_23' title="bbox 433 2574 2747 2652; baseline -0 -15"><span class='ocrx_word' id='word_1_157' title='bbox 433 2596 561 2637; x_wconf 80' lang='lat' dir='ltr'><strong>mus</strong></span> <span class='ocrx_word' id='word_1_158' title='bbox 733 2579 812 2637; x_wconf 88' lang='grc'><strong>64</strong></span> <span class='ocrx_word' id='word_1_159' title='bbox 859 2574 1022 2645; x_wconf 82' lang='lat' dir='ltr'><strong>vincit</strong></span> <span class='ocrx_word' id='word_1_160' title='bbox 1061 2579 1116 2633; x_wconf 87' lang='lat' dir='ltr'><strong>iu</strong></span> <span class='ocrx_word' id='word_1_161' title='bbox 1159 2597 1206 2633; x_wconf 84' lang='grc' dir='ltr'><strong>ν.</strong></span> <span class='ocrx_word' id='word_1_162' title='bbox 1241 2578 1539 2635; x_wconf 79' lang='lat' dir='ltr'><strong>PRBEC:</strong></span> <span class='ocrx_word' id='word_1_163' title='bbox 1583 2579 1639 2633; x_wconf 90' lang='lat' dir='ltr'><strong>in</strong></span> <span class='ocrx_word' id='word_1_164' title='bbox 1678 2580 1806 2634; x_wconf 86' lang='lat' dir='ltr'><strong>vict.</strong></span> <span class='ocrx_word' id='word_1_165' title='bbox 1837 2595 1887 2633; x_wconf 76' lang='lat' dir='ltr'><strong>v,</strong></span> <span class='ocrx_word' id='word_1_166' title='bbox 1917 2577 1974 2633; x_wconf 78' lang='lat' dir='ltr'><em>F</em></span> <span class='ocrx_word' id='word_1_167' title='bbox 1988 2579 2039 2635; x_wconf 82' lang='lat' dir='ltr'><em>V</em></span> <span class='ocrx_word' id='word_1_168' title='bbox 2077 2579 2234 2635; x_wconf 81' lang='lat' dir='ltr'><strong>Vino.</strong></span> <span class='ocrx_word' id='word_1_169' title='bbox 2267 2580 2419 2636; x_wconf 83' lang='lat' dir='ltr'><strong>Bell.</strong></span> <span class='ocrx_word' id='word_1_170' title='bbox 2452 2595 2541 2651; x_wconf 81' lang='lat' dir='ltr'><strong>sp.</strong></span> <span class='ocrx_word' id='word_1_171' title='bbox 2575 2581 2635 2635; x_wconf 81' lang='lat' dir='ltr'><strong>d.</strong></span> <span class='ocrx_word' id='word_1_172' title='bbox 2676 2580 2747 2652; x_wconf 83' lang='lat'><strong>4,</strong></span> 
     </span>
     <span class='ocr_line' id='line_1_24' title="bbox 437 2662 2750 2736; baseline -0.001 -13"><span class='ocrx_word' id='word_1_173' title='bbox 437 2666 514 2723; x_wconf 93' lang='grc'><strong>77</strong></span> <span class='ocrx_word' id='word_1_174' title='bbox 690 2663 768 2722; x_wconf 88' lang='grc'><strong>65</strong></span> <span class='ocrx_word' id='word_1_175' title='bbox 817 2673 872 2721; x_wconf 88' lang='lat' dir='ltr'><strong>et</strong></span> <span class='ocrx_word' id='word_1_176' title='bbox 920 2664 1070 2720; x_wconf 83' lang='lat' dir='ltr'><strong>Vinc.</strong></span> <span class='ocrx_word' id='word_1_177' title='bbox 1105 2663 1256 2720; x_wconf 85' lang='lat' dir='ltr'><strong>Bell.</strong></span> <span class='ocrx_word' id='word_1_178' title='bbox 1298 2680 1389 2736; x_wconf 80' lang='lat' dir='ltr'><strong>sp.</strong></span> <span class='ocrx_word' id='word_1_179' title='bbox 1435 2666 1489 2721; x_wconf 82' lang='lat' dir='ltr'><strong>d.</strong></span> <span class='ocrx_word' id='word_1_180' title='bbox 1524 2662 1594 2735; x_wconf 79' lang='lat'><strong>4,</strong></span> <span class='ocrx_word' id='word_1_181' title='bbox 1627 2662 1729 2720; x_wconf 90' lang='grc'><strong>46.</strong></span> <span class='ocrx_word' id='word_1_182' title='bbox 1904 2679 2117 2719; x_wconf 85' lang='lat' dir='ltr'><strong>causam</strong></span> <span class='ocrx_word' id='word_1_183' title='bbox 2160 2664 2319 2719; x_wconf 86' lang='lat' dir='ltr'><strong>dandi</strong></span> <span class='ocrx_word' id='word_1_184' title='bbox 2360 2664 2468 2721; x_wconf 83' lang='lat' dir='ltr'><strong>PR</strong></span> <span class='ocrx_word' id='word_1_185' title='bbox 2510 2664 2750 2722; x_wconf 74' lang='lat' dir='ltr'><strong>Bothe.-</strong></span> 
     </span>
     <span class='ocr_line' id='line_1_25' title="bbox 434 2748 2542 2823; baseline -0.001 -16"><span class='ocrx_word' id='word_1_186' title='bbox 434 2750 595 2809; x_wconf 83' lang='lat' dir='ltr'><strong>daudi</strong></span> <span class='ocrx_word' id='word_1_187' title='bbox 637 2766 854 2806; x_wconf 88' lang='lat' dir='ltr'><strong>causam</strong></span> <span class='ocrx_word' id='word_1_188' title='bbox 898 2749 1010 2804; x_wconf 84' lang='lat' dir='ltr'><strong>BF</strong></span> <span class='ocrx_word' id='word_1_189' title='bbox 1024 2748 1171 2805; x_wconf 84' lang='lat' dir='ltr'><strong>VEC</strong></span> <span class='ocrx_word' id='word_1_190' title='bbox 1226 2750 1382 2806; x_wconf 77' lang='lat' dir='ltr'><strong>Vino.</strong></span> <span class='ocrx_word' id='word_1_191' title='bbox 1427 2750 1714 2805; x_wconf 81' lang='lat' dir='ltr'><strong>Erasmus</strong></span> <span class='ocrx_word' id='word_1_192' title='bbox 1753 2756 1767 2762; x_wconf 79' lang='grc'>·</span> <span class='ocrx_word' id='word_1_193' title='bbox 1914 2750 2189 2823; x_wconf 79' lang='lat' dir='ltr'><strong>excogitat</strong></span> <span class='ocrx_word' id='word_1_194' title='bbox 2230 2750 2542 2805; x_wconf 80' lang='lat' dir='ltr'><strong>Fabricius</strong></span> 
     </span>
     <span class='ocr_line' id='line_1_26' title="bbox 439 2831 2748 2907; baseline -0.001 -13"><span class='ocrx_word' id='word_1_195' title='bbox 439 2837 516 2894; x_wconf 89' lang='grc'><strong>66</strong></span> <span class='ocrx_word' id='word_1_196' title='bbox 565 2835 667 2891; x_wconf 84' lang='lat' dir='ltr'><strong>EC</strong></span> <span class='ocrx_word' id='word_1_197' title='bbox 710 2835 866 2891; x_wconf 75' lang='lat' dir='ltr'><strong>Vino.</strong></span> <span class='ocrx_word' id='word_1_198' title='bbox 900 2834 1050 2891; x_wconf 86' lang='lat' dir='ltr'><strong>Bell.</strong></span> <span class='ocrx_word' id='word_1_199' title='bbox 1085 2851 1172 2905; x_wconf 81' lang='lat' dir='ltr'><strong>sp.</strong></span> <span class='ocrx_word' id='word_1_200' title='bbox 1205 2836 1259 2889; x_wconf 82' lang='lat' dir='ltr'><strong>d.</strong></span> <span class='ocrx_word' id='word_1_201' title='bbox 1291 2832 1362 2905; x_wconf 85' lang='lat'><strong>4,</strong></span> <span class='ocrx_word' id='word_1_202' title='bbox 1398 2833 1475 2890; x_wconf 89' lang='grc'><strong>77</strong></span> <span class='ocrx_word' id='word_1_203' title='bbox 1650 2833 1735 2887; x_wconf 89' lang='lat' dir='ltr'><strong>Bis</strong></span> <span class='ocrx_word' id='word_1_204' title='bbox 1765 2834 1992 2906; x_wconf 89' lang='lat' dir='ltr'><strong>punitur</strong></span> <span class='ocrx_word' id='word_1_205' title='bbox 2020 2831 2147 2907; x_wconf 68' lang='lat' dir='ltr'><strong>(leq.</strong></span> <span class='ocrx_word' id='word_1_206' title='bbox 2180 2833 2520 2907; x_wconf 86' lang='lat' dir='ltr'><strong>perimitur),</strong></span> <span class='ocrx_word' id='word_1_207' title='bbox 2564 2835 2663 2907; x_wconf 89' lang='lat' dir='ltr'><strong>qui</strong></span> <span class='ocrx_word' id='word_1_208' title='bbox 2698 2854 2748 2891; x_wconf 81' lang='lat' dir='ltr'><strong>s,</strong></span> 
     </span>
     <span class='ocr_line' id='line_1_27' title="bbox 435 2917 2749 2995; baseline -0.001 -18"><span class='ocrx_word' id='word_1_209' title='bbox 435 2939 487 2977; x_wconf 88' lang='lat' dir='ltr'><strong>a.</strong></span> <span class='ocrx_word' id='word_1_210' title='bbox 515 2922 797 2995; x_wconf 84' lang='lat' dir='ltr'><strong>perimitur</strong></span> <span class='ocrx_word' id='word_1_211' title='bbox 846 2920 1004 2976; x_wconf 75' lang='lat' dir='ltr'><strong>Vine-</strong></span> <span class='ocrx_word' id='word_1_212' title='bbox 1181 2918 1257 2974; x_wconf 89' lang='grc'><strong>67</strong></span> <span class='ocrx_word' id='word_1_213' title='bbox 1306 2918 1409 2974; x_wconf 83' lang='lat' dir='ltr'><strong>EC</strong></span> <span class='ocrx_word' id='word_1_214' title='bbox 1579 2917 1727 2991; x_wconf 92' lang='lat' dir='ltr'><strong>quod</strong></span> <span class='ocrx_word' id='word_1_215' title='bbox 1756 2917 1894 2973; x_wconf 79' lang='lat' dir='ltr'><strong>male</strong></span> <span class='ocrx_word' id='word_1_216' title='bbox 1942 2918 1991 2975; x_wconf 80' lang='lat' dir='ltr'><em>V</em></span> <span class='ocrx_word' id='word_1_217' title='bbox 2168 2918 2246 2975; x_wconf 87' lang='grc'><strong>69</strong></span> <span class='ocrx_word' id='word_1_218' title='bbox 2296 2920 2508 2991; x_wconf 88' lang='lat' dir='ltr'><strong>optinet</strong></span> <span class='ocrx_word' id='word_1_219' title='bbox 2537 2920 2749 2975; x_wconf 83' lang='lat' dir='ltr'><strong>PRB:</strong></span> 
     </span>
     <span class='ocr_line' id='line_1_28' title="bbox 437 2999 2551 3077; baseline 0 -16"><span class='ocrx_word' id='word_1_220' title='bbox 437 3004 648 3061; x_wconf 88' lang='lat' dir='ltr'><strong>obtinet</strong></span> <span class='ocrx_word' id='word_1_221' title='bbox 678 3004 808 3073; x_wconf 80' lang='lat' dir='ltr'><strong>FV,</strong></span> <span class='ocrx_word' id='word_1_222' title='bbox 853 3004 1052 3059; x_wconf 85' lang='lat' dir='ltr'><strong>retinet</strong></span> <span class='ocrx_word' id='word_1_223' title='bbox 1086 3002 1130 3057; x_wconf 84' lang='lat'><em>0</em></span> <span class='ocrx_word' id='word_1_224' title='bbox 1311 3003 1388 3062; x_wconf 87' lang='grc'><strong>68</strong></span> <span class='ocrx_word' id='word_1_225' title='bbox 1437 3003 1529 3058; x_wconf 79' lang='lat' dir='ltr'><strong>off.</strong></span> <span class='ocrx_word' id='word_1_226' title='bbox 1572 3010 1655 3057; x_wconf 89' lang='lat' dir='ltr'><strong>est</strong></span> <span class='ocrx_word' id='word_1_227' title='bbox 1696 3003 2035 3059; x_wconf 70' lang='lat' dir='ltr'><strong>Fabricius:</strong></span> <span class='ocrx_word' id='word_1_228' title='bbox 2080 3010 2164 3058; x_wconf 88' lang='lat' dir='ltr'><strong>est</strong></span> <span class='ocrx_word' id='word_1_229' title='bbox 2196 2999 2283 3061; x_wconf 79' lang='lat' dir='ltr'><strong>off.</strong></span> <span class='ocrx_word' id='word_1_230' title='bbox 2307 3003 2354 3058; x_wconf 89' lang='lat' dir='ltr'><em>L</em></span> <span class='ocrx_word' id='word_1_231' title='bbox 2386 3006 2551 3077; x_wconf 76' lang='lat' dir='ltr'><strong>vulyo</strong></span> 
     </span>
     <span class='ocr_line' id='line_1_29' title="bbox 439 3086 2744 3147; baseline -0 0"><span class='ocrx_word' id='word_1_232' title='bbox 439 3090 519 3147; x_wconf 92' lang='grc'><strong>70</strong></span> <span class='ocrx_word' id='word_1_233' title='bbox 561 3088 704 3143; x_wconf 85' lang='lat' dir='ltr'><strong>Bona</strong></span> <span class='ocrx_word' id='word_1_234' title='bbox 754 3090 799 3143; x_wconf 83' lang='lat' dir='ltr'><em>V</em></span> <span class='ocrx_word' id='word_1_235' title='bbox 827 3089 950 3145; x_wconf 81' lang='lat' dir='ltr'><strong>cod.</strong></span> <span class='ocrx_word' id='word_1_236' title='bbox 984 3088 1402 3144; x_wconf 71' lang='lat' dir='ltr'><strong>Penthaleonis</strong></span> <span class='ocrx_word' id='word_1_237' title='bbox 1573 3088 1619 3143; x_wconf 90' lang='lat' dir='ltr'><strong>si</strong></span> <span class='ocrx_word' id='word_1_238' title='bbox 1662 3087 1919 3143; x_wconf 81' lang='lat' dir='ltr'><strong>excidunt</strong></span> <span class='ocrx_word' id='word_1_239' title='bbox 1952 3086 1997 3143; x_wconf 88' lang='lat' dir='ltr'><em>C</em></span> <span class='ocrx_word' id='word_1_240' title='bbox 2023 3088 2339 3145; x_wconf 75' lang='lat' dir='ltr'><strong>Erasmus:</strong></span> <span class='ocrx_word' id='word_1_241' title='bbox 2383 3090 2429 3143; x_wconf 90' lang='lat' dir='ltr'><strong>si</strong></span> <span class='ocrx_word' id='word_1_242' title='bbox 2462 3088 2744 3146; x_wconf 78' lang='lat' dir='ltr'><strong>excedunt</strong></span> 
     </span>
     <span class='ocr_line' id='line_1_30' title="bbox 439 3171 2749 3245; baseline 0.001 -16"><span class='ocrx_word' id='word_1_243' title='bbox 439 3174 567 3245; x_wconf 85' lang='lat' dir='ltr'><strong>PB,</strong></span> <span class='ocrx_word' id='word_1_244' title='bbox 599 3173 680 3228; x_wconf 88' lang='lat' dir='ltr'><strong>sic</strong></span> <span class='ocrx_word' id='word_1_245' title='bbox 709 3172 976 3227; x_wconf 84' lang='lat' dir='ltr'><strong>excedunt</strong></span> <span class='ocrx_word' id='word_1_246' title='bbox 1007 3173 1140 3243; x_wconf 82' lang='lat' dir='ltr'><strong>FV,</strong></span> <span class='ocrx_word' id='word_1_247' title='bbox 1172 3188 1266 3227; x_wconf 88' lang='lat' dir='ltr'><strong>sex</strong></span> <span class='ocrx_word' id='word_1_248' title='bbox 1297 3171 1500 3229; x_wconf 86' lang='lat' dir='ltr'><strong>cedunt</strong></span> <span class='ocrx_word' id='word_1_249' title='bbox 1530 3174 1585 3229; x_wconf 71' lang='grc' dir='ltr'><strong><em>Β</em></strong></span> <span class='ocrx_word' id='word_1_250' title='bbox 1718 3173 1791 3228; x_wconf 96' lang='grc'><strong>71</strong></span> <span class='ocrx_word' id='word_1_251' title='bbox 1841 3172 2003 3228; x_wconf 85' lang='lat' dir='ltr'><strong>iudici</strong></span> <span class='ocrx_word' id='word_1_252' title='bbox 2034 3189 2153 3229; x_wconf 91' lang='lat' dir='ltr'><strong>cum</strong></span> <span class='ocrx_word' id='word_1_253' title='bbox 2176 3174 2265 3229; x_wconf 82' lang='lat' dir='ltr'><strong>Pa</strong></span> <span class='ocrx_word' id='word_1_254' title='bbox 2301 3190 2453 3231; x_wconf 86' lang='lat' dir='ltr'><strong>corr.</strong></span> <span class='ocrx_word' id='word_1_255' title='bbox 2484 3173 2749 3231; x_wconf 84' lang='lat' dir='ltr'><strong>PbRBC‘</strong></span> 
     </span>
     <span class='ocr_line' id='line_1_31' title="bbox 438 3256 2741 3331; baseline -0 -17"><span class='ocrx_word' id='word_1_256' title='bbox 438 3260 756 3314; x_wconf 76' lang='lat' dir='ltr'><strong>Erasmus.-</strong></span> <span class='ocrx_word' id='word_1_257' title='bbox 797 3256 1054 3312; x_wconf 88' lang='lat' dir='ltr'><strong>iudicium</strong></span> <span class='ocrx_word' id='word_1_258' title='bbox 1085 3257 1194 3327; x_wconf 85' lang='lat' dir='ltr'><strong>Pa,</strong></span> <span class='ocrx_word' id='word_1_259' title='bbox 1227 3256 1483 3313; x_wconf 87' lang='lat' dir='ltr'><strong>iudicium</strong></span> <span class='ocrx_word' id='word_1_260' title='bbox 1516 3258 1612 3330; x_wconf 89' lang='lat' dir='ltr'><strong>qui</strong></span> <span class='ocrx_word' id='word_1_261' title='bbox 1642 3258 1771 3328; x_wconf 75' lang='lat' dir='ltr'><strong>FV,</strong></span> <span class='ocrx_word' id='word_1_262' title='bbox 1804 3257 1969 3313; x_wconf 82' lang='lat' dir='ltr'><strong>iudici</strong></span> <span class='ocrx_word' id='word_1_263' title='bbox 2001 3274 2139 3331; x_wconf 87' lang='lat' dir='ltr'><strong>quos</strong></span> <span class='ocrx_word' id='word_1_264' title='bbox 2164 3259 2465 3315; x_wconf 76' lang='lat' dir='ltr'><strong>Bentleius</strong></span> <span class='ocrx_word' id='word_1_265' title='bbox 2495 3274 2575 3315; x_wconf 75' lang='lat' dir='ltr'><strong>ex</strong></span> <span class='ocrx_word' id='word_1_266' title='bbox 2606 3262 2741 3315; x_wconf 82' lang='lat' dir='ltr'><strong>cod.</strong></span> 
     </span>
     <span class='ocr_line' id='line_1_32' title="bbox 437 3340 2740 3416; baseline 0 -17"><span class='ocrx_word' id='word_1_267' title='bbox 437 3344 705 3399; x_wconf 79' lang='lat' dir='ltr'><strong>Leidensi</strong></span> <span class='ocrx_word' id='word_1_268' title='bbox 847 3340 924 3399; x_wconf 84' lang='grc'><strong>72</strong></span> <span class='ocrx_word' id='word_1_269' title='bbox 970 3342 1080 3397; x_wconf 76' lang='lat' dir='ltr'><strong>hoc</strong></span> <span class='ocrx_word' id='word_1_270' title='bbox 1108 3344 1236 3399; x_wconf 86' lang='lat' dir='ltr'><strong>loco</strong></span> <span class='ocrx_word' id='word_1_271' title='bbox 1267 3343 1384 3399; x_wconf 85' lang='lat' dir='ltr'><strong>FV</strong></span> <span class='ocrx_word' id='word_1_272' title='bbox 1409 3342 1592 3398; x_wconf 86' lang='lat' dir='ltr'><strong>Bern.</strong></span> <span class='ocrx_word' id='word_1_273' title='bbox 1627 3343 1935 3416; x_wconf 71' lang='lat' dir='ltr'><strong>Bamhery.</strong></span> <span class='ocrx_word' id='word_1_274' title='bbox 1969 3360 2153 3414; x_wconf 83' lang='lat' dir='ltr'><strong>supra</strong></span> <span class='ocrx_word' id='word_1_275' title='bbox 2180 3350 2315 3414; x_wconf 81' lang='lat' dir='ltr'><strong>post</strong></span> <span class='ocrx_word' id='word_1_276' title='bbox 2346 3363 2397 3401; x_wconf 86' lang='lat' dir='ltr'><strong>v.</strong></span> <span class='ocrx_word' id='word_1_277' title='bbox 2437 3342 2515 3399; x_wconf 86' lang='grc'><strong>68</strong></span> <span class='ocrx_word' id='word_1_278' title='bbox 2550 3343 2740 3399; x_wconf 85' lang='lat' dir='ltr'><strong>PRB.</strong></span> 
     </span>
     <span class='ocr_line' id='line_1_33' title="bbox 423 3426 2739 3501; baseline 0.003 -24"><span class='ocrx_word' id='word_1_279' title='bbox 423 3426 530 3501; x_wconf 78' lang='lat' dir='ltr'><strong>Cf.</strong></span> <span class='ocrx_word' id='word_1_280' title='bbox 576 3446 626 3483; x_wconf 88' lang='lat' dir='ltr'><strong>v.</strong></span> <span class='ocrx_word' id='word_1_281' title='bbox 660 3426 784 3484; x_wconf 89' lang='grc'><strong>190</strong></span> <span class='ocrx_word' id='word_1_282' title='bbox 982 3427 1239 3482; x_wconf 86' lang='lat' dir='ltr'><strong>eveniunt</strong></span> <span class='ocrx_word' id='word_1_283' title='bbox 1270 3428 1341 3499; x_wconf 86' lang='lat' dir='ltr'><strong>C,</strong></span> <span class='ocrx_word' id='word_1_284' title='bbox 1384 3428 1592 3483; x_wconf 89' lang='lat' dir='ltr'><strong>vehunt</strong></span> <span class='ocrx_word' id='word_1_285' title='bbox 1624 3427 1807 3484; x_wconf 77' lang='lat' dir='ltr'><strong>Bothe</strong></span> <span class='ocrx_word' id='word_1_286' title='bbox 2006 3436 2393 3483; x_wconf 86' lang='lat' dir='ltr'><strong>susteneantur</strong></span> <span class='ocrx_word' id='word_1_287' title='bbox 2421 3428 2511 3483; x_wconf 84' lang='lat' dir='ltr'><strong>Pa</strong></span> <span class='ocrx_word' id='word_1_288' title='bbox 2544 3445 2739 3499; x_wconf 80' lang='lat' dir='ltr'><strong>supra</strong></span> 
     </span>
     <span class='ocr_line' id='line_1_34' title="bbox 437 3505 2741 3585; baseline 0 -16"><span class='ocrx_word' id='word_1_289' title='bbox 437 3529 550 3569; x_wconf 81' lang='lat' dir='ltr'><strong>scr.</strong></span> <span class='ocrx_word' id='word_1_290' title='bbox 584 3511 748 3583; x_wconf 86' lang='lat' dir='ltr'><strong>PbR,</strong></span> <span class='ocrx_word' id='word_1_291' title='bbox 781 3510 1190 3567; x_wconf 84' lang='lat' dir='ltr'><strong>substineantur</strong></span> <span class='ocrx_word' id='word_1_292' title='bbox 1223 3512 1266 3568; x_wconf 86' lang='lat' dir='ltr'><em>C</em></span> <span class='ocrx_word' id='word_1_293' title='bbox 1445 3505 1481 3543; x_wconf 75' lang='lat'><strong>&#39;¹‘</strong></span> <span class='ocrx_word' id='word_1_294' title='bbox 1513 3514 1565 3567; x_wconf 89' lang='lat' dir='ltr'><strong>ni</strong></span> <span class='ocrx_word' id='word_1_295' title='bbox 1590 3532 1603 3568; x_wconf 73' lang='grc' dir='ltr'><strong>ε</strong></span> <span class='ocrx_word' id='word_1_296' title='bbox 1631 3513 1734 3567; x_wconf 88' lang='lat' dir='ltr'><strong>nisi</strong></span> <span class='ocrx_word' id='word_1_297' title='bbox 1764 3512 1876 3583; x_wconf 74' lang='lat' dir='ltr'><strong>LO,</strong></span> <span class='ocrx_word' id='word_1_298' title='bbox 1910 3513 1991 3585; x_wconf 78' lang='lat' dir='ltr'><strong>cf.</strong></span> <span class='ocrx_word' id='word_1_299' title='bbox 2020 3530 2115 3585; x_wconf 73' lang='lat' dir='ltr'><strong>pq.</strong></span> <span class='ocrx_word' id='word_1_300' title='bbox 2148 3512 2231 3570; x_wconf 88' lang='grc'><strong>56</strong></span> <span class='ocrx_word' id='word_1_301' title='bbox 2418 3514 2741 3585; x_wconf 87' lang='lat' dir='ltr'><strong>opprimunt</strong></span> 
     </span>
     <span class='ocr_line' id='line_1_35' title="bbox 441 3595 2741 3672; baseline -0.001 -17"><span class='ocrx_word' id='word_1_302' title='bbox 441 3599 686 3655; x_wconf 80' lang='lat' dir='ltr'><strong>Gruter.-</strong></span> <span class='ocrx_word' id='word_1_303' title='bbox 729 3595 932 3652; x_wconf 82' lang='lat' dir='ltr'><strong>cadunt</strong></span> <span class='ocrx_word' id='word_1_304' title='bbox 971 3597 1278 3669; x_wconf 82' lang='lat' dir='ltr'><strong>opprimant</strong></span> <span class='ocrx_word' id='word_1_305' title='bbox 1308 3599 1394 3669; x_wconf 82' lang='lat' dir='ltr'><strong>R,</strong></span> <span class='ocrx_word' id='word_1_306' title='bbox 1439 3597 1635 3653; x_wconf 81' lang='lat' dir='ltr'><strong>cadunt</strong></span> <span class='ocrx_word' id='word_1_307' title='bbox 1673 3605 1730 3652; x_wconf 94' lang='lat' dir='ltr'><strong>ut</strong></span> <span class='ocrx_word' id='word_1_308' title='bbox 1761 3599 2067 3671; x_wconf 84' lang='lat' dir='ltr'><strong>opprimant</strong></span> <span class='ocrx_word' id='word_1_309' title='bbox 2094 3598 2261 3654; x_wconf 83' lang='lat' dir='ltr'><strong>PBF</strong></span> <span class='ocrx_word' id='word_1_310' title='bbox 2276 3598 2337 3669; x_wconf 84' lang='lat' dir='ltr'><strong>V,</strong></span> <span class='ocrx_word' id='word_1_311' title='bbox 2381 3612 2425 3653; x_wconf 90' lang='lat' dir='ltr'><strong>c.</strong></span> <span class='ocrx_word' id='word_1_312' title='bbox 2459 3605 2515 3653; x_wconf 90' lang='lat' dir='ltr'><strong>et</strong></span> <span class='ocrx_word' id='word_1_313' title='bbox 2546 3600 2741 3672; x_wconf 79' lang='lat' dir='ltr'><strong>oppri-</strong></span> 
     </span>
     <span class='ocr_line' id='line_1_36' title="bbox 439 3680 2529 3739; baseline 0 0"><span class='ocrx_word' id='word_1_314' title='bbox 439 3690 592 3739; x_wconf 90' lang='lat' dir='ltr'><strong>munt</strong></span> <span class='ocrx_word' id='word_1_315' title='bbox 623 3682 668 3739; x_wconf 79' lang='lat' dir='ltr'><em>C</em></span> <span class='ocrx_word' id='word_1_316' title='bbox 866 3680 944 3737; x_wconf 87' lang='lat'><strong>73</strong></span> <span class='ocrx_word' id='word_1_317' title='bbox 991 3680 1138 3737; x_wconf 84' lang='lat' dir='ltr'><strong>Bona</strong></span> <span class='ocrx_word' id='word_1_318' title='bbox 1169 3682 1342 3738; x_wconf 84' lang='lat' dir='ltr'><strong>BF&#39;V</strong></span> <span class='ocrx_word' id='word_1_319' title='bbox 1369 3683 1550 3738; x_wconf 87' lang='lat' dir='ltr'><strong>Bern.</strong></span> <span class='ocrx_word' id='word_1_320' title='bbox 1587 3684 1709 3739; x_wconf 84' lang='lat' dir='ltr'><strong>eod.</strong></span> <span class='ocrx_word' id='word_1_321' title='bbox 1750 3683 2198 3739; x_wconf 70' lang='lat' dir='ltr'><strong>Panthaleonis:</strong></span> <span class='ocrx_word' id='word_1_322' title='bbox 2242 3682 2391 3738; x_wconf 87' lang='lat' dir='ltr'><strong>hono</strong></span> <span class='ocrx_word' id='word_1_323' title='bbox 2424 3682 2529 3739; x_wconf 87' lang='lat' dir='ltr'><strong>PR</strong></span> 
     </span>
     <span class='ocr_line' id='line_1_37' title="bbox 439 3761 2733 3845; baseline 0 -22"><span class='ocrx_word' id='word_1_324' title='bbox 439 3764 474 3801; x_wconf 75' lang='lat'><strong>&#39;¹‘</strong></span> <span class='ocrx_word' id='word_1_325' title='bbox 509 3761 780 3845; x_wconf 88' lang='lat' dir='ltr'><strong>[semper]</strong></span> <span class='ocrx_word' id='word_1_326' title='bbox 822 3768 1120 3839; x_wconf 80' lang='lat' dir='ltr'><strong>imperante</strong></span> <span class='ocrx_word' id='word_1_327' title='bbox 1165 3768 1340 3822; x_wconf 88' lang='lat' dir='ltr'><strong>animo</strong></span> <span class='ocrx_word' id='word_1_328' title='bbox 1384 3768 1479 3822; x_wconf 58' lang='grc' dir='ltr'><strong>σι’</strong></span> <span class='ocrx_word' id='word_1_329' title='bbox 1504 3786 1557 3821; x_wconf 86' lang='lat' dir='ltr'><strong>v.</strong></span> <span class='ocrx_word' id='word_1_330' title='bbox 1591 3766 1743 3823; x_wconf 87' lang='lat'><strong>378:</strong></span> <span class='ocrx_word' id='word_1_331' title='bbox 1788 3767 1843 3821; x_wconf 91' lang='lat' dir='ltr'><strong>in</strong></span> <span class='ocrx_word' id='word_1_332' title='bbox 1884 3775 2108 3840; x_wconf 87' lang='lat' dir='ltr'><strong>parente</strong></span> <span class='ocrx_word' id='word_1_333' title='bbox 2152 3768 2321 3822; x_wconf 85' lang='lat' dir='ltr'><strong>anima</strong></span> <span class='ocrx_word' id='word_1_334' title='bbox 2352 3766 2518 3823; x_wconf 87' lang='lat' dir='ltr'><strong>PRB</strong></span> <span class='ocrx_word' id='word_1_335' title='bbox 2548 3767 2733 3823; x_wconf 85' lang='lat' dir='ltr'><strong>Bern.</strong></span> 
     </span>
     <span class='ocr_line' id='line_1_38' title="bbox 439 3851 2739 3925; baseline -0.001 -16"><span class='ocrx_word' id='word_1_336' title='bbox 439 3853 649 3909; x_wconf 74' lang='lat' dir='ltr'><strong>Pautlz.</strong></span> <span class='ocrx_word' id='word_1_337' title='bbox 681 3852 1006 3925; x_wconf 80' lang='lat' dir='ltr'><strong>imperancia</strong></span> <span class='ocrx_word' id='word_1_338' title='bbox 1056 3851 1116 3922; x_wconf 77' lang='lat' dir='ltr'><strong>V,</strong></span> <span class='ocrx_word' id='word_1_339' title='bbox 1150 3852 1436 3925; x_wconf 82' lang='lat' dir='ltr'><strong>imperanti</strong></span> <span class='ocrx_word' id='word_1_340' title='bbox 1470 3852 1525 3905; x_wconf 87' lang='lat' dir='ltr'><em>F</em></span> <span class='ocrx_word' id='word_1_341' title='bbox 1688 3852 1915 3924; x_wconf 87' lang='lat' dir='ltr'><strong>pecunia</strong></span> <span class='ocrx_word' id='word_1_342' title='bbox 1947 3860 2030 3907; x_wconf 88' lang='lat' dir='ltr'><strong>est</strong></span> <span class='ocrx_word' id='word_1_343' title='bbox 2060 3853 2180 3909; x_wconf 78' lang='lat' dir='ltr'><strong>FV</strong></span> <span class='ocrx_word' id='word_1_344' title='bbox 2201 3852 2602 3909; x_wconf 77' lang='lat' dir='ltr'><strong>Panlkaleon:</strong></span> <span class='ocrx_word' id='word_1_345' title='bbox 2650 3862 2739 3908; x_wconf 82' lang='lat' dir='ltr'><strong>est</strong></span> 
     </span>
     <span class='ocr_line' id='line_1_39' title="bbox 441 3934 2736 4011; baseline 0 -18"><span class='ocrx_word' id='word_1_346' title='bbox 441 3937 702 4011; x_wconf 87' lang='lat' dir='ltr'><strong>pecuniae</strong></span> <span class='ocrx_word' id='word_1_347' title='bbox 732 3936 848 4007; x_wconf 85' lang='lat' dir='ltr'><strong>Pb,</strong></span> <span class='ocrx_word' id='word_1_348' title='bbox 894 3946 978 3991; x_wconf 89' lang='lat' dir='ltr'><strong>est</strong></span> <span class='ocrx_word' id='word_1_349' title='bbox 1009 3937 1234 4010; x_wconf 85' lang='lat' dir='ltr'><strong>pecunia</strong></span> <span class='ocrx_word' id='word_1_350' title='bbox 1264 3936 1499 4009; x_wconf 78' lang='lat' dir='ltr'><strong>PaRB,</strong></span> <span class='ocrx_word' id='word_1_351' title='bbox 1533 3934 1625 3993; x_wconf 85' lang='lat' dir='ltr'><strong>fiet</strong></span> <span class='ocrx_word' id='word_1_352' title='bbox 1655 3937 1880 4009; x_wconf 85' lang='lat' dir='ltr'><strong>pecunia</strong></span> <span class='ocrx_word' id='word_1_353' title='bbox 1897 3939 2075 4010; x_wconf 31' lang='lat' dir='ltr'><strong>*vulyo</strong></span> <span class='ocrx_word' id='word_1_354' title='bbox 2252 3935 2329 3993; x_wconf 89' lang='grc'><strong>74</strong></span> <span class='ocrx_word' id='word_1_355' title='bbox 2374 3935 2516 4011; x_wconf 84' lang='lat' dir='ltr'><strong>apud</strong></span> <span class='ocrx_word' id='word_1_356' title='bbox 2548 3938 2736 3993; x_wconf 81' lang='lat' dir='ltr'><strong>Eras-</strong></span> 
     </span>
     <span class='ocr_line' id='line_1_40' title="bbox 439 4018 2735 4094; baseline 0 -17"><span class='ocrx_word' id='word_1_357' title='bbox 439 4037 596 4091; x_wconf 73' lang='lat' dir='ltr'><strong>muS,</strong></span> <span class='ocrx_word' id='word_1_358' title='bbox 641 4018 706 4074; x_wconf 85' lang='lat' dir='ltr'><strong>ad</strong></span> <span class='ocrx_word' id='word_1_359' title='bbox 736 4036 764 4075; x_wconf 87' lang='lat' dir='ltr'><strong>a</strong></span> <span class='ocrx_word' id='word_1_360' title='bbox 791 4062 801 4073; x_wconf 94' lang='lat'><strong>.</strong></span> <span class='ocrx_word' id='word_1_361' title='bbox 832 4060 844 4073; x_wconf 95' lang='lat'><strong>.</strong></span> <span class='ocrx_word' id='word_1_362' title='bbox 869 4037 920 4074; x_wconf 90' lang='lat' dir='ltr'><strong>m</strong></span> <span class='ocrx_word' id='word_1_363' title='bbox 949 4022 1058 4077; x_wconf 83' lang='lat' dir='ltr'><strong>cito</strong></span> <span class='ocrx_word' id='word_1_364' title='bbox 1089 4022 1178 4077; x_wconf 81' lang='lat' dir='ltr'><strong>Pa</strong></span> <span class='ocrx_word' id='word_1_365' title='bbox 1382 4020 1461 4078; x_wconf 86' lang='lat'><strong>75</strong></span> <span class='ocrx_word' id='word_1_366' title='bbox 1506 4020 1849 4092; x_wconf 84' lang='lat' dir='ltr'><strong>brevissima,</strong></span> <span class='ocrx_word' id='word_1_367' title='bbox 1894 4024 2049 4094; x_wconf 78' lang='lat' dir='ltr'><strong>quod</strong></span> <span class='ocrx_word' id='word_1_368' title='bbox 2082 4025 2211 4094; x_wconf 79' lang='lat' dir='ltr'><strong>ipse</strong></span> <span class='ocrx_word' id='word_1_369' title='bbox 2236 4022 2566 4078; x_wconf 80' lang='lat' dir='ltr'><strong>dubitanter</strong></span> <span class='ocrx_word' id='word_1_370' title='bbox 2590 4039 2735 4093; x_wconf 83' lang='lat' dir='ltr'><strong>pro-</strong></span> 
     </span>
     <span class='ocr_line' id='line_1_41' title="bbox 431 4104 2735 4178; baseline -0.001 -15"><span class='ocrx_word' id='word_1_371' title='bbox 431 4120 748 4178; x_wconf 79' lang='lat' dir='ltr'><strong>posueram</strong></span> <span class='ocrx_word' id='word_1_372' title='bbox 780 4104 906 4160; x_wconf 85' lang='lat' dir='ltr'><strong>eoll.</strong></span> <span class='ocrx_word' id='word_1_373' title='bbox 942 4124 989 4160; x_wconf 86' lang='lat' dir='ltr'><strong>v.</strong></span> <span class='ocrx_word' id='word_1_374' title='bbox 1029 4106 1138 4177; x_wconf 80' lang='lat'><strong>79,</strong></span> <span class='ocrx_word' id='word_1_375' title='bbox 1169 4110 1282 4165; x_wconf 82' lang='lat' dir='ltr'><strong>iam</strong></span> <span class='ocrx_word' id='word_1_376' title='bbox 1312 4110 1461 4163; x_wconf 87' lang='lat' dir='ltr'><strong>coni.</strong></span> <span class='ocrx_word' id='word_1_377' title='bbox 1494 4107 1710 4163; x_wconf 79' lang='lat' dir='ltr'><strong>Gruter</strong></span> <span class='ocrx_word' id='word_1_378' title='bbox 1738 4111 1799 4163; x_wconf 82' lang='lat' dir='ltr'><strong>in</strong></span> <span class='ocrx_word' id='word_1_379' title='bbox 1828 4110 1976 4164; x_wconf 82' lang='lat' dir='ltr'><strong>notis</strong></span> <span class='ocrx_word' id='word_1_380' title='bbox 2007 4109 2323 4178; x_wconf 67' lang='lat' dir='ltr'><strong>postumia.-</strong></span> <span class='ocrx_word' id='word_1_381' title='bbox 2368 4106 2549 4162; x_wconf 85' lang='lat' dir='ltr'><strong>brevis</strong></span> <span class='ocrx_word' id='word_1_382' title='bbox 2580 4122 2735 4162; x_wconf 89' lang='lat' dir='ltr'><strong>mens</strong></span> 
     </span>
     <span class='ocr_line' id='line_1_42' title="bbox 442 4188 2734 4263; baseline 0.001 -18"><span class='ocrx_word' id='word_1_383' title='bbox 442 4190 527 4261; x_wconf 88' lang='lat' dir='ltr'><strong>B,</strong></span> <span class='ocrx_word' id='word_1_384' title='bbox 569 4188 730 4244; x_wconf 86' lang='lat' dir='ltr'><strong>breve</strong></span> <span class='ocrx_word' id='word_1_385' title='bbox 773 4204 923 4243; x_wconf 89' lang='lat' dir='ltr'><strong>mens</strong></span> <span class='ocrx_word' id='word_1_386' title='bbox 955 4189 1041 4245; x_wconf 84' lang='lat' dir='ltr'><strong>Pa</strong></span> <span class='ocrx_word' id='word_1_387' title='bbox 1088 4207 1243 4246; x_wconf 83' lang='lat' dir='ltr'><strong>corr.</strong></span> <span class='ocrx_word' id='word_1_388' title='bbox 1282 4208 1376 4261; x_wconf 82' lang='lat' dir='ltr'><strong>pr.</strong></span> <span class='ocrx_word' id='word_1_389' title='bbox 1409 4210 1478 4246; x_wconf 88' lang='lat' dir='ltr'><strong>m.</strong></span> <span class='ocrx_word' id='word_1_390' title='bbox 1511 4192 1687 4263; x_wconf 84' lang='lat' dir='ltr'><strong>PbR,</strong></span> <span class='ocrx_word' id='word_1_391' title='bbox 1730 4191 1980 4247; x_wconf 86' lang='lat' dir='ltr'><strong>breviens</strong></span> <span class='ocrx_word' id='word_1_392' title='bbox 2022 4192 2140 4263; x_wconf 79' lang='lat' dir='ltr'><strong>Pa,</strong></span> <span class='ocrx_word' id='word_1_393' title='bbox 2184 4189 2345 4246; x_wconf 88' lang='lat' dir='ltr'><strong>breve</strong></span> <span class='ocrx_word' id='word_1_394' title='bbox 2386 4207 2568 4246; x_wconf 84' lang='lat' dir='ltr'><strong>amans</strong></span> <span class='ocrx_word' id='word_1_395' title='bbox 2598 4192 2657 4246; x_wconf 86' lang='lat' dir='ltr'><em>F</em></span> <span class='ocrx_word' id='word_1_396' title='bbox 2670 4192 2734 4262; x_wconf 77' lang='lat' dir='ltr'><strong>V,</strong></span> 
     </span>
     <span class='ocr_line' id='line_1_43' title="bbox 441 4274 2553 4349; baseline -0.001 -18"><span class='ocrx_word' id='word_1_397' title='bbox 441 4275 618 4331; x_wconf 87' lang='lat' dir='ltr'><strong>brevis</strong></span> <span class='ocrx_word' id='word_1_398' title='bbox 659 4290 839 4329; x_wconf 81' lang='lat' dir='ltr'><strong>amaus</strong></span> <span class='ocrx_word' id='word_1_399' title='bbox 883 4275 1042 4329; x_wconf 81' lang='lat' dir='ltr'><strong>codd.</strong></span> <span class='ocrx_word' id='word_1_400' title='bbox 1089 4274 1326 4331; x_wconf 81' lang='lat' dir='ltr'><strong>Gruteri</strong></span> <span class='ocrx_word' id='word_1_401' title='bbox 1528 4284 1611 4331; x_wconf 88' lang='lat' dir='ltr'><strong>est</strong></span> <span class='ocrx_word' id='word_1_402' title='bbox 1651 4278 1767 4349; x_wconf 85' lang='lat' dir='ltr'><strong>ipsa</strong></span> <span class='ocrx_word' id='word_1_403' title='bbox 1808 4276 1940 4346; x_wconf 82' lang='lat' dir='ltr'><strong>FV,</strong></span> <span class='ocrx_word' id='word_1_404' title='bbox 1984 4285 2103 4331; x_wconf 87' lang='lat' dir='ltr'><strong>esto</strong></span> <span class='ocrx_word' id='word_1_405' title='bbox 2146 4280 2291 4332; x_wconf 80' lang='lat' dir='ltr'><strong>coni.</strong></span> <span class='ocrx_word' id='word_1_406' title='bbox 2338 4276 2553 4332; x_wconf 81' lang='lat' dir='ltr'><strong>Gruter</strong></span> 
     </span>
     <span class='ocr_line' id='line_1_44' title="bbox 441 4360 2731 4433; baseline 0 -17"><span class='ocrx_word' id='word_1_407' title='bbox 441 4360 757 4416; x_wconf 85' lang='lat' dir='ltr'><strong>memoratio</strong></span> <span class='ocrx_word' id='word_1_408' title='bbox 790 4361 875 4415; x_wconf 85' lang='lat' dir='ltr'><strong>vel</strong></span> <span class='ocrx_word' id='word_1_409' title='bbox 907 4366 1202 4414; x_wconf 82' lang='lat' dir='ltr'><strong>memorata</strong></span> <span class='ocrx_word' id='word_1_410' title='bbox 1231 4360 1394 4416; x_wconf 83' lang='lat' dir='ltr'><strong>codd.</strong></span> <span class='ocrx_word' id='word_1_411' title='bbox 1433 4360 1673 4416; x_wconf 56' lang='grc' dir='ltr'><strong>(ἔναιεν-ι’</strong></span> <span class='ocrx_word' id='word_1_412' title='bbox 1864 4360 1941 4417; x_wconf 88' lang='grc'><strong>76</strong></span> <span class='ocrx_word' id='word_1_413' title='bbox 1990 4360 2078 4432; x_wconf 87' lang='lat' dir='ltr'><strong>Cf.</strong></span> <span class='ocrx_word' id='word_1_414' title='bbox 2115 4380 2162 4415; x_wconf 83' lang='lat' dir='ltr'><strong>v.</strong></span> <span class='ocrx_word' id='word_1_415' title='bbox 2197 4360 2317 4417; x_wconf 83' lang='grc'><strong>207</strong></span> <span class='ocrx_word' id='word_1_416' title='bbox 2492 4360 2731 4433; x_wconf 85' lang='lat' dir='ltr'><strong>turpida,</strong></span> 
     </span>
    </p>
   </div>
   <div class='ocr_carea' id='block_1_6' title="bbox 2915 2605 2917 3280">
    <p class='ocr_par' dir='ltr' id='par_1_6' title="bbox 2915 2605 2917 3280">
     <span class='ocr_line' id='line_1_45' title="bbox 2915 2605 2917 3280; baseline 0 0"><span class='ocrx_word' id='word_1_417' title='bbox 2915 2605 2917 3280; x_wconf 95' lang='lat' dir='ltr'><strong> </strong></span> 
     </span>
    </p>
   </div>
  </div>
 </body>
</html>
