2917 4950
7 1949 21 2489 ι

781 309 1099 356 PUBLILH
1146 309 1304 360 simi
1351 308 1811 357 snm-mmmm.
2370 296 2451 359 79

317 463 560 529 Gravis
605 463 864 527 animus
911 461 1180 526 dubiam
1221 484 1354 528 non
1395 461 1598 527 habet
1644 463 2059 528 sententiam.

317 565 608 630 Gravius
653 563 898 628 malum
941 585 1132 630 omne
1178 574 1297 646 est,
1346 563 1521 650 quod
1566 563 1690 629 sub
1734 573 2007 652 aspectu
2046 564 2227 633 latet.

321 668 615 732 Gravius
661 675 872 749 nocet,
928 664 1382 752 quodcumque
1425 667 1841 754 inexpertum
1882 667 2145 732 accidit.

155 775 272 834 200
315 767 640 855 (Gravior
685 777 785 832 est
829 768 1158 846 inimicus,
1201 767 1318 853 qui
1360 765 1523 831 latet
1564 769 1636 832 in
1678 771 1995 856 pectore.)

313 869 806 935 Gravissimum
851 879 952 933 est
995 871 1344 956 imperium
1389 868 1908 936 consuetudinis,

309 973 537 1039 Grave
583 972 854 1053 crimen,
905 972 1101 1035 etiam
1145 969 1382 1036 leviter
1425 993 1575 1035 cum
1621 981 1721 1036 est
1766 971 2035 1055 dictum,
2078 982 2289 1039 nocet.

310 1073 464 1139 Heu
509 1095 708 1162 quam
751 1072 1050 1139 difficilis
1092 1073 1342 1160 gloriae
1386 1073 1685 1139 custodia
1726 1075 1865 1139 est!

309 1175 529 1242 Homo
575 1186 768 1242 extra
807 1197 1046 1264 corpus
1093 1185 1192 1240 est
1237 1197 1447 1258 suum,
1494 1197 1643 1240 cum
1686 1176 2015 1240 irascitur.

151 1284 264 1343 205
311 1279 466 1343 Heu
512 1300 707 1365 quam
748 1287 850 1343 >est
893 1276 1246 1358 timendae,
1291 1279 1405 1364 qui
1447 1279 1616 1343 mori
1658 1286 1871 1342 tutum
1913 1279 2137 1366 putat!

307 1379 523 1446 Homo
540 1430 559 1463 ‚
617 1381 733 1468 qui
774 1381 845 1444 in
888 1379 1148 1444 homine
1193 1376 1578 1446 calamitoso
1624 1388 1723 1444 est
1764 1381 2133 1444 misericors
2150 1430 2168 1463 ,
2214 1381 2441 1443 memi-

1031 1501 1040 1506 ·
1357 1483 1458 1546 nit
1502 1480 1625 1545 sui.

308 1583 608 1650 Honesta
651 1583 993 1673 turpitudo
1039 1593 1138 1648 est
1179 1606 1298 1671 pro
1345 1603 1543 1646 causa
1584 1581 1778 1648 bona.

309 1685 538 1751 Habet
581 1687 654 1750 in
697 1686 995 1752 adversis
1037 1685 1312 1768 auxilia,
1358 1686 1473 1771 qui
1516 1687 1589 1748 in
1630 1685 1938 1750 secundis
1984 1685 2371 1750 commodat.

307 1787 462 1854 Heu
507 1810 701 1875 quam
745 1791 1058 1854 miserum
1103 1797 1204 1852 est
1248 1788 1334 1852 ab
1379 1809 1456 1852 eo
1502 1786 1707 1870 laedi,
1754 1786 1839 1850 de
1882 1808 2010 1874 quo
2052 1809 2188 1853 non
2230 1791 2441 1874 possis

1361 1890 1579 1976 queri!

149 2115 406 2161 comens
450 2121 500 2157 v.
537 2102 898 2160 194—223:
945 2103 1169 2160 PRBF
1195 2100 1388 2174 (TEC)

148 2215 340 2292 fiante
375 2222 531 2295 facti
569 2239 801 2279 erasum
849 2229 982 2293 est,
1017 2221 1144 2296 po'st
1190 2221 1390 2278 factum
1423 2221 1608 2278 Bern.
1652 2228 1714 2278 ut
1756 2225 1926 2278 eliam
1964 2222 2015 2277 T
2050 2223 2227 2296 gravis
2266 2238 2440 2296 poena

135 2314 222 2360 est
259 2309 584 2380 poenitenti.
649 2308 802 2363 cuius
843 2315 972 2382 post
1023 2307 1222 2363 factum
1275 2307 1586 2364 cruciantur
1628 2307 1823 2376 animi3
1882 2322 2043 2380 quem
2085 2314 2271 2381 potest
2314 2306 2439 2364 sacti

147 2393 382 2461 penitere
414 2392 473 2449 G.
525 2393 685 2450 Vino.
720 2392 872 2448 Bell.
905 2409 992 2465 sp.
1023 2395 1079 2448 d.
1115 2393 1187 2464 5,
1222 2391 1300 2447 22
1335 2391 1395 2447 G.
1432 2409 1480 2446 a.
1514 2409 1569 2466 p.
1602 2399 1688 2448 est
1728 2391 2143 2466 proximumque
2176 2392 2241 2448 ad
2282 2393 2437 2449 inuo-

147 2480 366 2533 centiam
407 2479 589 2534 locum
617 2486 772 2535 tenet
803 2478 1105 2535 verecunda
1136 2478 1341 2552 peccati
1373 2478 1681 2549 confessio,
1726 2480 2181 2551 conqlutinatum
2210 2494 2291 2535 ex
2318 2478 2433 2535 Pu-

148 2561 278 2618 blilii
317 2579 492 2620 versu
533 2572 590 2621 et
617 2565 970 2621 Pseudosen.
1016 2566 1088 2619 de
1128 2582 1271 2620 mor.
1318 2562 1398 2620 94
1577 2562 1693 2619 197
1758 2563 1917 2620 Vino.
1967 2564 2113 2620 Bell.
2156 2580 2245 2634 sp.
2288 2566 2343 2620 d.
2376 2562 2437 2635 4,

151 2642 240 2703 86.
275 2648 324 2705 G
441 2648 560 2705 198
609 2649 698 2721 Cf.
727 2668 778 2705 v.
807 2646 947 2705 200.
981 2648 1176 2704 malum
1209 2666 1260 2703 o.
1293 2655 1376 2703 est
1407 2649 1532 2705 cod.
1564 2648 1905 2704 Palatinus.-
1950 2656 2037 2703 est
2066 2665 2137 2704 m.
2170 2664 2225 2704 o.
2252 2647 2435 2718 PRB,

147 2738 220 2785 est
251 2750 304 2789 o.
339 2750 412 2789 m.
450 2732 520 2805 0,
565 2744 634 2789 m:
681 2742 766 2790 est
798 2751 850 2791 o.
883 2734 942 2789 F
1107 2748 1268 2808 grave
1311 2740 1395 2789 est
1435 2749 1507 2787 m.
1555 2748 1608 2788 o.
1642 2734 1955 2802 ErasmuS,
2000 2734 2163 2789 haud
2196 2736 2315 2788 seio
2359 2750 2437 2789 an

147 2822 345 2889 verius,
381 2820 513 2876 coll.
547 2838 600 2875 v.
635 2819 762 2876 200
919 2818 1038 2875 199
1086 2817 1192 2874 EC
1327 2819 1486 2874 citius
1518 2824 1684 2874 nocet
1712 2816 1969 2891 quicquid
1998 2819 2035 2873 i.
2068 2823 2230 2874 nocet
2277 2818 2433 2873 Vine.

150 2898 285 2959 Bell.
320 2919 414 2976 sp.
445 2906 501 2960 d.
534 2903 608 2969 4,
641 2903 721 2961 82
911 2903 1034 2961 200
1085 2902 1175 2976 Cf.
1209 2923 1258 2959 v.
1298 2902 1416 2960 198
1592 2901 1815 2958 Gravior
1843 2902 2089 2959 BFCPa
2122 2918 2279 2958 corr.
2310 2918 2432 2958 rec.

145 3003 208 3040 m.
243 2989 460 3061 gravius
498 2988 616 3059 PR,
653 2988 871 3063 gravius
904 2989 1040 3059 PR,
1076 2989 1254 3061 gravis
1285 2994 1369 3044 est
1399 2988 1687 3061 scrupulus
1718 2986 2031 3043 delitiscens
2060 2988 2265 3043 invisus
2294 2988 2351 3043 in
2379 3004 2436 3061 p.

152 3070 195 3123 T
353 3068 635 3149 inimicus]
669 3074 724 3129 in
757 3074 841 3130 his
871 3074 990 3143 Pb3
1037 3076 1212 3129 voluit
1250 3074 1513 3146 fortasse
1552 3072 1801 3130 inimicus
1830 3074 1877 3151 is
1909 3074 2032 3145 qui,
2078 3079 2141 3128 ut
2171 3078 2257 3129 est
2286 3076 2347 3128 in
2378 3072 2435 3128 B

147 3155 236 3211 suh
259 3167 488 3232 pectore
520 3160 822 3230 Era-emm,
858 3163 1063 3215 omisso
1095 3166 1210 3230 est3
1259 3162 1434 3215 aliter
1462 3159 1637 3215 Prov.
1674 3157 1753 3215 23
1903 3158 2022 3215 201
2089 3158 2250 3215 Vino.
2284 3158 2433 3215 Bell.

147 3254 224 3311 sp.
252 3246 306 3301 d.
340 3243 405 3316 5,
434 3242 540 3314 43,
576 3242 624 3299 C
773 3244 1196 3300 conseietudinis
1229 3244 1312 3298 B.-
1358 3244 1606 3301 voluitne
1636 3244 2035 3299 conscientiae?
2209 3241 2331 3301 202
2378 3242 2432 3297 d.
2510 3295 2517 3301 .

147 3334 218 3381 est
247 3329 553 3385 Bentleius
708 3327 829 3387 203
877 3327 1094 3384 difficile
1127 3328 1188 3399 C,
1220 3326 1454 3384 difficilis
1486 3336 1571 3384 est
1600 3346 1656 3402 g.
1691 3346 1738 3387 c.
1786 3327 1947 3384 Vine.
1982 3329 2133 3384 Bell.
2166 3344 2255 3400 sp.
2286 3329 2342 3384 d.
2374 3326 2434 3398 5,

149 3408 214 3467 67
389 3412 512 3473 204
558 3421 643 3469 est
683 3430 842 3470 suum
872 3414 1069 3471 PRE:
1109 3430 1268 3470 suum
1301 3412 1575 3469 estBFO
1620 3414 1779 3470 Vinc.
1811 3414 1961 3469 Bell.
1996 3429 2088 3484 sp.
2116 3415 2171 3469 d.
2204 3412 2278 3485 4,
2314 3412 2433 3471 133

377 3500 650 3555 hominem
707 3507 860 3555 extra
903 3517 952 3555 c.
997 3499 1121 3555 facit
1164 3498 1356 3555 fenalis
1419 3497 1685 3570 (sui-ielis?
1756 3514 1834 3554 an
1877 3497 2079 3554 venalis
2120 3522 2207 3545 =
2249 3496 2434 3570 vilis?)

147 3580 374 3640 incensio
414 3585 462 3639 Τ
669 3584 796 3642 205
844 3584 933 3656 Cf.
966 3603 1017 3641 v.
1051 3583 1175 3641 364
1379 3584 1595 3639 timidus
1628 3583 1727 3639 FC
1923 3598 2161 3639 amorem
2194 3591 2345 3639 tuum
2377 3583 2433 3637 B

147 3680 230 3734 pr.
271 3688 344 3725 m.
392 3670 720 3727 moriturum
751 3668 789 3723 C
993 3670 1114 3727 207
1164 3669 1232 3739 0,
1297 3670 1455 3725 Vino.
1491 3668 1643 3724 Bell.
1677 3684 1763 3740 sp.
1798 3670 1853 3725 d.
1885 3666 1956 3739 4,
1988 3666 2067 3725 82
2252 3662 2289 3701 ’¹‘
2318 3675 2431 3723 est:

147 3760 220 3807 est
247 3754 385 3809 mori
417 3754 512 3811 Lo
557 3756 714 3811 Vino.
827 3765 831 3769 “
889 3772 1051 3810 causa
1091 3753 1234 3810 bona
1277 3751 1514 3811 PRBC:
1555 3752 1607 3808 b.
1650 3770 1697 3809 c.
1730 3753 1789 3808 F
1796 3777 1815 3818 ,-
1856 3752 1954 3808 Est
1991 3752 2047 3807 h.
2080 3760 2121 3807 t.
2169 3768 2270 3825 pro
2301 3750 2351 3807 b.
2383 3768 2431 3807 c.

147 3839 268 3895 mori
299 3842 604 3897 ErasmuS.
655 3840 744 3912 Cf.
779 3859 830 3897 v.
865 3840 942 3896 76
1117 3838 1239 3896 208
1287 3838 1526 3913 adversis
1556 3838 1747 3894 auxilia
1778 3834 2050 3895 PRBE'C
2092 3837 2249 3893 Vinc.
2278 3838 2429 3894 Bell.
2494 3886 2499 3889 .

148 3936 224 3993 sp.
255 3927 308 3981 d.
342 3924 406 3998 4,
439 3925 549 3982 67:
596 3924 804 3981 adversi
835 3924 1060 3981 consilia
1090 3926 1149 3980 F
1314 3922 1657 3979 commendat
1686 3924 1761 3999 R,
1796 3928 1859 3979 ul
1888 3920 2055 3993 infra
2087 3940 2137 3979 v.
2174 3922 2299 3981 220

148 4004 254 4065 209
300 4012 542 4067 Excidit
581 4014 640 4066 in
671 4011 754 4082 F,
798 4010 879 4083 cf.
915 4012 994 4066 ad
1021 4029 1070 4066 v.
1108 4008 1229 4065 213
1401 4008 1468 4064 ab
1509 4007 1604 4065 illo
1640 4006 1711 4079 C,
1752 4006 1817 4063 ab
1859 4007 2040 4081 aliquo
2089 4008 2247 4065 Vinc.
2280 4010 2431 4067 Bell.

147 4106 221 4163 sp.
253 4096 306 4151 cl.
337 4094 410 4164 4,
452 4095 605 4166 138,
659 4095 798 4151 laedi
844 4094 907 4150 ab
951 4112 1017 4151 eo
1049 4095 1106 4150 B
1235 4104 1241 4111 ¹
1279 4110 1390 4149 non
1440 4094 1623 4166 possis
1664 4094 1821 4167 queri
1858 4092 1947 4148 B.-
1998 4110 2107 4150 non
2150 4096 2434 4169 conpossit

153 4182 323 4249 quaeri
364 4181 544 4251 PaR,
601 4196 713 4236 non
755 4182 1042 4253 conpossit
1084 4180 1240 4253 queri
1279 4178 1396 4250 Pb,
1450 4181 1733 4253 conpossit
1774 4180 1961 4253 quaeri
2000 4180 2054 4235 R
2096 4196 2214 4236 see.
2258 4198 2331 4235 m.
2371 4183 2431 4235 in

149 4279 318 4339 mar-9.
357 4282 470 4322 non
510 4266 688 4340 possit
729 4266 883 4339 queri
933 4266 1088 4322 Vinc.
1121 4272 1178 4321 et
1210 4266 1264 4320 B
1294 4282 1410 4322 see.
1446 4282 1517 4321 m.
1552 4268 1604 4321 si
1643 4271 1801 4321 reete
1828 4267 1971 4338 leqi,
2013 4280 2249 4337 nequeas
2280 4266 2432 4337 queri

149 4346 200 4420 G,
231 4368 338 4407 non
369 4352 516 4407 ausis
548 4351 702 4424 queri
735 4352 951 4407 Gruter
