2917 4950
795 333 1106 380 PUBLILII
1151 333 1309 380 sym
1355 332 1818 380 SENTENTIAE.
2367 317 2449 378 83

322 487 425 550 'In
465 485 653 550 malis
700 489 965 572 sperare
1010 485 1178 549 bene
1220 487 1350 550 nisi
1395 488 1706 551 innocens
1752 487 1941 550 nemo
1987 484 2172 550 solet.

327 589 412 652 In
454 588 854 653 vindicando
899 589 1249 652 criminosa
1293 597 1392 651 est
1436 586 1754 652 celeritas,

158 696 274 754 255
325 689 678 754 Inimicum
724 692 1024 778 quamvis
1070 689 1382 754 humilem
1428 690 1606 754 docti
1651 699 1752 754 est
1795 699 2104 753 metuere.

323 791 407 856 In
451 793 825 857 calamitoso
870 795 1043 858 risus
1091 794 1288 856 etiam
1331 793 1570 856 iniuria
1616 802 1733 856 est.

322 892 541 958 Iudex
585 894 948 976 damnatur,
997 917 1141 958 cum
1186 916 1426 958 nocens
1471 893 1856 960 absolvitur.

322 996 677 1081 Ignoscere
720 998 1048 1060 hominum
1098 1007 1219 1077 est,
1264 996 1382 1061 ubi
1427 995 1632 1082 pudet
1676 997 1781 1059 cui
1825 997 2208 1080 ignoscitur.

323 1097 407 1162 In
450 1098 646 1162 rebus
692 1098 928 1162 dubiis
956 1097 1222 1186 plurimi
1252 1108 1367 1175 „est
1408 1097 1702 1162 audacia.

157 1207 278 1265 260
323 1199 449 1264 Illo
492 1223 735 1265 nocens
782 1223 851 1266 se
896 1200 1182 1282 damnat,
1230 1192 1355 1286 quo
1399 1211 1631 1286 peccat
1671 1201 1799 1264 die.

321 1303 430 1366 Ita
475 1303 667 1367 crede
710 1304 942 1383 amico,
988 1326 1071 1366 ne
1116 1303 1204 1367 sit
1247 1303 1515 1366 inimico
1561 1301 1764 1366 locus.

322 1405 542 1468 Iratus
590 1405 789 1468 etiam
833 1405 1089 1468 facinus
1136 1403 1482 1469 consilium
1528 1415 1736 1491 putat.

320 1507 591 1571 Invidia
633 1504 924 1592 loquitur
968 1506 1142 1594 quod
1186 1507 1433 1588 subest,
1480 1529 1610 1571 non
1654 1507 1828 1593 quod
1872 1506 2078 1570 videt.

319 1608 627 1695 'Inprobe
658 1609 1037 1695 Neptunum
1067 1619 1350 1690 accusat,
1398 1610 1510 1694 qui
1555 1612 1793 1672 iterum
1822 1609 2238 1692 naufragium
2270 1608 2450 1671 facit.

156 1719 271 1775 265
320 1711 644 1775 Iniuriam
686 1733 875 1774 aures
923 1733 1114 1797 quam
1160 1710 1330 1775 oculi
1376 1710 1634 1775 facilius
1681 1709 1920 1775 ferunt.

319 1814 507 1877 Iacet
552 1815 760 1876 omnis
808 1814 1040 1896 virtuS,
1088 1813 1263 1877 fama
1306 1813 1437 1876 nisi
1482 1812 1612 1876 late
1655 1823 1856 1899 patet.

318 1916 507 2000 Ignis
556 1937 743 1979 suum
790 1913 1069 1980 calorem
1115 1917 1315 1980 etiam
1358 1917 1428 1979 in
1473 1906 1646 1979 ferro
1691 1925 1890 1980 tenet.

321 2017 405 2081 In
449 2016 705 2080 Venere
751 2039 1008 2105 semper
1052 2027 1260 2082 certat
1304 2017 1492 2085 dolor
1537 2026 1601 2081 et
1643 2017 1977 2102 gaudium.

320 2119 404 2182 In
450 2140 669 2183 amore
716 2119 919 2185 forma
963 2119 1112 2206 plus
1158 2119 1336 2183 valet
1382 2141 1576 2205 quam
1619 2120 1997 2182 auctoritas.

154 2228 273 2285 270
319 2221 597 2305 Ingrata
640 2211 793 2284 sunt
833 2221 1172 2304 beneficia,
1220 2224 1365 2307 quis
1412 2230 1625 2285 comes
1672 2229 1772 2285 est
1815 2230 2048 2294 metuS.

318 2322 713 2410 Imprudens
759 2335 1008 2410 peccat,
1056 2345 1249 2409 quem
1293 2333 1442 2411 post
1486 2323 1645 2387 facti
1689 2325 1998 2410 paenitet.

320 2425 572 2490 Inertia
613 2425 964 2508 indicatur,
1011 2448 1158 2491 cum
1201 2425 1455 2511 fugitur
1500 2425 1705 2491 labor.
1786 2459 1796 2469 =

158 2654 431 2697 CODICES
472 2657 523 2693 ν.
556 2638 931 2797 Ξ3(Ο-)-263;
994 2640 1220 2727 PRBF
1257 2637 1482 2711 (TEC),
1546 2657 1594 2693 V.
1643 2636 1796 2694 264.-
1853 2638 1928 2709 T,
1987 2656 2036 2692 V.
2083 2636 2447 2693 265—291:

666 2726 715 2780 T

322 2842 445 2899 253
496 2844 597 2900 EC
763 2843 899 2899 bene
932 2860 1152 2917 sperare
1184 2844 1229 2899 C
1398 2841 1520 2898 254
1567 2841 1882 2898 vindicando
1905 2844 2074 2898 PRE
2112 2842 2267 2897 Vinc.
2293 2840 2443 2897 Bell.

153 2946 235 2999 sp.
270 2932 325 2985 d.
360 2931 433 2999 4,
468 2928 577 2985 93:
622 2928 904 2984 iudicando
939 2928 1121 3000 BFC,
1168 2932 1265 2984 cui
1298 2929 1464 3001 favet
1509 2947 1556 2983 v.
1591 2927 1669 2984 32
1845 2928 2129 2983 criminosa
2169 2942 2318 2980 mora
2362 2934 2448 2981 est

154 3015 248 3070 cel.
286 3014 333 3070 C
504 3013 624 3069 255
675 3012 745 3085 C,
808 3015 963 3070 Vino.
1006 3014 1152 3071 Bell.
1200 3030 1286 3084 sp.
1331 3015 1385 3068 d.
1428 3012 1501 3083 4,
1547 3012 1648 3069 27.
1689 3014 1944 3069 Phaedr.
1984 3014 2112 3086 fab.
2161 3012 2228 3083 1,
2262 3010 2374 3083 28,
2412 3012 2442 3065 1
2498 3019 2504 3024 “

154 3097 427 3165 ‘Quamvis
460 3098 717 3155 sublimes
750 3098 949 3154 dehent
979 3099 1209 3154 humiles
1241 3100 1526 3153 metuere'.
1703 3098 1824 3154 256
1871 3100 2028 3153 etiam
2060 3098 2202 3153 risus
2238 3095 2283 3150 0

154 3183 270 3241 257
323 3182 427 3239 EC
481 3184 640 3240 Vinc.
686 3186 837 3240 Bell.
885 3201 972 3255 sp.
1019 3187 1074 3239 d.
1119 3182 1191 3252 4,
1239 3183 1351 3252 273
1400 3184 1482 3257 cf.
1525 3202 1574 3239 v.
1620 3182 1741 3239 614
1931 3186 2192 3239 innocens
2225 3182 2282 3237 E

155 3268 271 3326 258
322 3277 407 3325 est
438 3285 672 3325 erasum
701 3274 761 3325 in
791 3270 848 3323 B
1061 3269 1149 3323 ubi
1184 3269 1501 3325 Erasmus.-
1546 3269 1648 3323 nisi
1676 3269 1723 3324 L
1939 3270 2025 3324 cui
2057 3286 2163 3325 om.
2197 3268 2255 3322 F

154 3352 271 3409 259
319 3354 539 3427 plurimi
571 3356 887 3410 Erasmus.-
932 3352 1159 3426 plurima
1190 3352 1289 3409 LC
1456 3352 1583 3410 260
1626 3352 1699 3408 ilo
1732 3355 1783 3409 R
1939 3354 2201 3409 innocens
2236 3350 2282 3405 C

156 3440 299 3511 quod
332 3440 382 3493 Ρ
562 3438 652 3494 diu
684 3440 737 3493 B
922 3438 1041 3494 261
1090 3438 1249 3495 crede
1279 3438 1616 3495 PaRBEC:
1661 3437 1824 3494 credo
1855 3438 1962 3510 Pb,
1995 3437 2182 3493 credas
2214 3438 2270 3492 F

157 3531 211 3577 ut
242 3542 310 3579 ne
343 3525 529 3580 Bothe
617 3565 622 3569 -
728 3525 890 3579 imico
921 3524 1027 3595 Pb,
1060 3526 1228 3580 amico
1262 3524 1337 3594 B,
1371 3526 1477 3579 sed
1503 3540 1631 3594 sup.
1667 3540 1780 3579 scr.
1811 3542 1904 3596 pr.
1937 3542 2008 3578 m.
2044 3523 2259 3578 inimico

156 3607 271 3665 262
322 3607 425 3665 EC
468 3610 629 3667 Vino.
663 3610 816 3665 Bell.
861 3625 949 3681 sp.
995 3611 1049 3669 d.
1082 3607 1155 3681 4,
1192 3609 1311 3665 133
1499 3608 1620 3665 263
1667 3604 1701 3641 '¹‘
1729 3608 1963 3664 :invidia
2005 3607 2060 3663 id
2105 3606 2252 3680 quod
2292 3608 2437 3662 videt

148 3692 433 3767 loquitur,
476 3712 588 3750 non
633 3691 779 3767 quod
824 3693 1011 3749 subest
1040 3696 1124 3765 F,
1170 3696 1397 3751 totidem
1439 3695 1626 3751 verbis
1661 3692 1848 3765 PRB,
1894 3697 2006 3749 nisi
2042 3694 2198 3764 quod
2234 3695 2442 3747 omissa

156 3786 285 3835 sunt
329 3780 475 3852 quod
518 3779 679 3834 videt.
789 3780 1025 3837 Videtur
1063 3780 1347 3836 Publilius
1390 3781 1659 3835 invidiam
1700 3783 1780 3835 ita
1823 3780 2230 3848 interpretari,
2275 3780 2446 3849 quasi

151 3868 315 3933 prior
346 3866 613 3922 vocabuli
641 3868 939 3936 compositi
955 3881 1111 3935 pars
1139 3870 1212 3921 sit
1240 3867 1295 3919 in
1322 3868 1702 3935 privativum,
1746 3882 1857 3919 non
1882 3866 2260 3934 praepositio.

158 3947 276 4007 264
324 3950 542 4006 Gellius
587 3949 692 4019 17,
732 3948 840 4018 14,
879 3951 951 4013 T‚·
994 3952 1151 4006 deest
1192 3954 1251 4005 in
1293 3949 1447 4006 LEO
1617 3949 1736 4006 266
1783 3956 1934 4021 patet
1973 3948 2308 4004 Palatinus.-
2350 3964 2442 4020 pa-

158 4040 263 4089 teat
290 4035 348 4088 F
545 4033 665 4090 267
712 4050 870 4089 suum
912 4052 959 4089 c.
1008 4036 1167 4090 etiam
1202 4035 1447 4125 Gruter.-
1492 4035 1649 4089 etiam
1691 4051 1786 4089 s.c-.
1815 4035 1872 4089 F
2069 4033 2190 4091 268
2234 4033 2442 4088 Venere

160 4119 397 4175 Gruter.-
442 4135 694 4174 venerem
724 4120 781 4174 F
964 4120 1085 4177 269
1133 4136 1314 4175 amore
1348 4121 1594 4176 Gruter.-
1639 4135 1877 4175 amorem
1909 4121 1966 4175 F
2047 4132 2068 4151 ‘
2152 4118 2276 4175 270
2319 4119 2442 4191 quis

161 4204 399 4261 Gruter.-
444 4203 639 4277 quibus
679 4204 751 4259 F·
969 4204 1089 4261 271
1146 4213 1275 4278 post
1316 4206 1560 4262 Gruter.-
1606 4223 1712 4262 om.
1755 4207 1837 4268 F;
1882 4205 1964 4277 cf.
2010 4222 2059 4260 v.
2106 4203 2244 4260 196.
2295 4202 2436 4260 366.

160 4288 377 4346 Seneca
409 4292 607 4363 Aqam.
642 4288 763 4344 244
807 4288 999 4356 ‘Quem
1029 4292 1269 4363 paenitet
1298 4308 1586 4364 peccasse,
1627 4307 1796 4364 paene
1837 4298 1922 4345 est
1961 4289 2267 4344 innocens’·

160 4372 273 4430 272
318 4371 352 4408 '¹‘
386 4375 654 4431 indicatur
685 4394 697 4429 :
731 4392 850 4429 cum
882 4375 1151 4431 indicatur
1180 4376 1264 4447 F,
1300 4384 1411 4431 tum
1442 4374 1710 4431 indicatur
1742 4376 1955 4445 Bothe,
1989 4374 2257 4449 iudicatur
2291 4374 2438 4429 Gru-

1953 4469 2028 4524 6*

1969 4564 1994 4593 ο
