<?xml version="1.0" encoding="UTF-8"?>
<!DOCTYPE html PUBLIC "-//W3C//DTD XHTML 1.0 Transitional//EN"
    "http://www.w3.org/TR/xhtml1/DTD/xhtml1-transitional.dtd">
<html xmlns="http://www.w3.org/1999/xhtml" xml:lang="en" lang="en">
 <head>
  <title>
</title>
<meta http-equiv="Content-Type" content="text/html;charset=utf-8" />
  <meta name='ocr-system' content='tesseract 3.04.00' />
  <meta name='ocr-capabilities' content='ocr_page ocr_carea ocr_par ocr_line ocrx_word'/>
</head>
<body>
  <div class='ocr_page' id='page_1' title='image "./publiliisyrisen00martgoog/publiliisyrisen00martgoog_0039.png"; bbox 0 0 2917 4950; ppageno 0'>
   <div class='ocr_carea' id='block_1_1' title="bbox 980 311 2405 381">
    <p class='ocr_par' dir='ltr' id='par_1_1' title="bbox 980 311 2405 381">
     <span class='ocr_line' id='line_1_1' title="bbox 980 311 2405 381; baseline 0 -3"><span class='ocrx_word' id='word_1_1' title='bbox 980 327 1531 381; x_wconf 65' lang='lat' dir='ltr'>Pnomseomnm.</span> <span class='ocrx_word' id='word_1_2' title='bbox 2322 311 2405 378; x_wconf 80' lang='lat'>29</span> 
     </span>
    </p>
   </div>
   <div class='ocr_carea' id='block_1_2' title="bbox 130 478 2410 1285">
    <p class='ocr_par' dir='ltr' id='par_1_2' title="bbox 130 478 2410 1285">
     <span class='ocr_line' id='line_1_2' title="bbox 134 478 2407 572; baseline -0.001 -22"><span class='ocrx_word' id='word_1_3' title='bbox 134 505 301 550; x_wconf 87' lang='lat' dir='ltr'>num</span> <span class='ocrx_word' id='word_1_4' title='bbox 345 478 778 551; x_wconf 79' lang='lat' dir='ltr'>Gruterum</span> <span class='ocrx_word' id='word_1_5' title='bbox 835 507 977 550; x_wconf 89' lang='lat' dir='ltr'>esse</span> <span class='ocrx_word' id='word_1_6' title='bbox 1023 488 1436 568; x_wconf 79' lang='lat' dir='ltr'>existimant,</span> <span class='ocrx_word' id='word_1_7' title='bbox 1497 488 1609 572; x_wconf 90' lang='lat' dir='ltr'>qui</span> <span class='ocrx_word' id='word_1_8' title='bbox 1657 485 1915 550; x_wconf 64' lang='lat' dir='ltr'>‘Publii</span> <span class='ocrx_word' id='word_1_9' title='bbox 1958 484 2109 568; x_wconf 73' lang='lat' dir='ltr'>Syri</span> <span class='ocrx_word' id='word_1_10' title='bbox 2151 486 2407 566; x_wconf 73' lang='lat' dir='ltr'>mimos&#39;</span> 
     </span>
     <span class='ocr_line' id='line_1_3' title="bbox 132 585 2405 674; baseline -0.002 -22"><span class='ocrx_word' id='word_1_11' title='bbox 132 599 444 673; x_wconf 86' lang='lat' dir='ltr'><strong>tamquam</strong></span> <span class='ocrx_word' id='word_1_12' title='bbox 491 587 905 653; x_wconf 84' lang='lat' dir='ltr'>corollarium</span> <span class='ocrx_word' id='word_1_13' title='bbox 951 588 1237 653; x_wconf 80' lang='lat' dir='ltr'>Senecae</span> <span class='ocrx_word' id='word_1_14' title='bbox 1279 587 1768 674; x_wconf 79' lang='lat' dir='ltr'>tragoediarum</span> <span class='ocrx_word' id='word_1_15' title='bbox 1811 607 1981 650; x_wconf 89' lang='lat' dir='ltr'>anno</span> <span class='ocrx_word' id='word_1_16' title='bbox 2033 585 2227 650; x_wconf 88' lang='grc'>1604</span> <span class='ocrx_word' id='word_1_17' title='bbox 2273 585 2405 649; x_wconf 84' lang='lat' dir='ltr'>edi-</span> 
     </span>
     <span class='ocr_line' id='line_1_4' title="bbox 132 685 2409 775; baseline -0.001 -23"><span class='ocrx_word' id='word_1_18' title='bbox 132 691 252 754; x_wconf 85' lang='lat' dir='ltr'>dit:</span> <span class='ocrx_word' id='word_1_19' title='bbox 306 689 472 766; x_wconf 87' lang='lat' dir='ltr'>hanc</span> <span class='ocrx_word' id='word_1_20' title='bbox 517 690 906 773; x_wconf 88' lang='lat' dir='ltr'>editionem,</span> <span class='ocrx_word' id='word_1_21' title='bbox 956 689 1567 770; x_wconf 86' lang='lat' dir='ltr'>Commelinianam,</span> <span class='ocrx_word' id='word_1_22' title='bbox 1618 698 1682 752; x_wconf 90' lang='lat' dir='ltr'>et</span> <span class='ocrx_word' id='word_1_23' title='bbox 1727 690 1937 775; x_wconf 82' lang='lat' dir='ltr'>ipsam</span> <span class='ocrx_word' id='word_1_24' title='bbox 1980 686 2065 751; x_wconf 90' lang='lat' dir='ltr'>ab</span> <span class='ocrx_word' id='word_1_25' title='bbox 2111 685 2409 750; x_wconf 91' lang='lat' dir='ltr'>omnibus</span> 
     </span>
     <span class='ocr_line' id='line_1_5' title="bbox 131 789 2409 878; baseline -0.001 -24"><span class='ocrx_word' id='word_1_26' title='bbox 131 792 258 854; x_wconf 86' lang='lat' dir='ltr'>fere</span> <span class='ocrx_word' id='word_1_27' title='bbox 299 792 668 876; x_wconf 79' lang='lat' dir='ltr'>ignoratam</span> <span class='ocrx_word' id='word_1_28' title='bbox 711 791 940 857; x_wconf 86' lang='lat' dir='ltr'>video:</span> <span class='ocrx_word' id='word_1_29' title='bbox 997 814 1147 856; x_wconf 91' lang='lat' dir='ltr'>nam</span> <span class='ocrx_word' id='word_1_30' title='bbox 1193 792 1541 878; x_wconf 71' lang='lat' dir='ltr'>obscurata</span> <span class='ocrx_word' id='word_1_31' title='bbox 1586 799 1685 854; x_wconf 89' lang='lat' dir='ltr'>est</span> <span class='ocrx_word' id='word_1_32' title='bbox 1726 789 2190 874; x_wconf 88' lang='lat' dir='ltr'>Lugdunensi,</span> <span class='ocrx_word' id='word_1_33' title='bbox 2246 809 2409 874; x_wconf 91' lang='lat' dir='ltr'>quae</span> 
     </span>
     <span class='ocr_line' id='line_1_6' title="bbox 130 890 2408 980; baseline -0.002 -24"><span class='ocrx_word' id='word_1_34' title='bbox 130 892 362 980; x_wconf 88' lang='lat' dir='ltr'>prodiit</span> <span class='ocrx_word' id='word_1_35' title='bbox 405 915 464 956; x_wconf 93' lang='lat' dir='ltr'>a.</span> <span class='ocrx_word' id='word_1_36' title='bbox 516 893 678 959; x_wconf 83' lang='lat'>1708</span> <span class='ocrx_word' id='word_1_37' title='bbox 722 894 898 980; x_wconf 87' lang='lat' dir='ltr'>apud</span> <span class='ocrx_word' id='word_1_38' title='bbox 943 894 987 959; x_wconf 88' lang='lat' dir='ltr'>J</span> <span class='ocrx_word' id='word_1_39' title='bbox 991 916 1265 961; x_wconf 89' lang='lat' dir='ltr'>oannem</span> <span class='ocrx_word' id='word_1_40' title='bbox 1318 894 1401 956; x_wconf 90' lang='lat' dir='ltr'>de</span> <span class='ocrx_word' id='word_1_41' title='bbox 1443 893 1645 957; x_wconf 88' lang='lat' dir='ltr'>Vivie</span> <span class='ocrx_word' id='word_1_42' title='bbox 1690 902 1754 957; x_wconf 90' lang='lat' dir='ltr'>ct</span> <span class='ocrx_word' id='word_1_43' title='bbox 1802 893 1963 957; x_wconf 82' lang='lat'>1727</span> <span class='ocrx_word' id='word_1_44' title='bbox 2007 891 2184 977; x_wconf 90' lang='lat' dir='ltr'>apud</span> <span class='ocrx_word' id='word_1_45' title='bbox 2230 890 2408 953; x_wconf 88' lang='lat' dir='ltr'>Hen-</span> 
     </span>
     <span class='ocr_line' id='line_1_7' title="bbox 130 992 2410 1081; baseline -0 -24"><span class='ocrx_word' id='word_1_46' title='bbox 130 995 240 1059; x_wconf 93' lang='lat' dir='ltr'>rici</span> <span class='ocrx_word' id='word_1_47' title='bbox 269 992 556 1080; x_wconf 89' lang='lat' dir='ltr'>Teering</span> <span class='ocrx_word' id='word_1_48' title='bbox 587 1017 741 1059; x_wconf 90' lang='lat' dir='ltr'>cura</span> <span class='ocrx_word' id='word_1_49' title='bbox 772 996 909 1081; x_wconf 85' lang='lat' dir='ltr'>Sig.</span> <span class='ocrx_word' id='word_1_50' title='bbox 943 995 1384 1081; x_wconf 88' lang='lat' dir='ltr'>Havercampi</span> <span class='ocrx_word' id='word_1_51' title='bbox 1416 1003 1483 1061; x_wconf 88' lang='lat' dir='ltr'>et</span> <span class='ocrx_word' id='word_1_52' title='bbox 1512 992 1675 1057; x_wconf 90' lang='lat' dir='ltr'>Abr.</span> <span class='ocrx_word' id='word_1_53' title='bbox 1707 993 2047 1080; x_wconf 85' lang='lat' dir='ltr'>Preygeri,</span> <span class='ocrx_word' id='word_1_54' title='bbox 2090 993 2410 1056; x_wconf 87' lang='lat' dir='ltr'>instructa</span> 
     </span>
     <span class='ocr_line' id='line_1_8' title="bbox 133 1093 2407 1182; baseline -0.001 -23"><span class='ocrx_word' id='word_1_55' title='bbox 133 1098 292 1160; x_wconf 89' lang='lat' dir='ltr'>notis</span> <span class='ocrx_word' id='word_1_56' title='bbox 351 1097 692 1182; x_wconf 86' lang='lat' dir='ltr'>postumis.</span> <span class='ocrx_word' id='word_1_57' title='bbox 783 1097 931 1162; x_wconf 91' lang='lat' dir='ltr'>Non</span> <span class='ocrx_word' id='word_1_58' title='bbox 978 1097 1253 1162; x_wconf 87' lang='lat' dir='ltr'>dubium</span> <span class='ocrx_word' id='word_1_59' title='bbox 1310 1105 1440 1179; x_wconf 88' lang='lat' dir='ltr'>est,</span> <span class='ocrx_word' id='word_1_60' title='bbox 1500 1097 1658 1182; x_wconf 89' lang='lat' dir='ltr'>quin</span> <span class='ocrx_word' id='word_1_61' title='bbox 1715 1094 2037 1160; x_wconf 77' lang='lat' dir='ltr'>Gruterus</span> <span class='ocrx_word' id='word_1_62' title='bbox 2094 1093 2407 1157; x_wconf 87' lang='lat' dir='ltr'>editorem</span> 
     </span>
     <span class='ocr_line' id='line_1_9' title="bbox 131 1195 2407 1285; baseline -0.001 -24"><span class='ocrx_word' id='word_1_63' title='bbox 131 1197 720 1283; x_wconf 86' lang='lat' dir='ltr'>Ingolstadiensem·</span> <span class='ocrx_word' id='word_1_64' title='bbox 761 1201 858 1263; x_wconf 91' lang='lat' dir='ltr'>rei</span> <span class='ocrx_word' id='word_1_65' title='bbox 914 1201 1223 1264; x_wconf 90' lang='lat' dir='ltr'>metricae</span> <span class='ocrx_word' id='word_1_66' title='bbox 1282 1197 1841 1285; x_wconf 85' lang='lat' dir='ltr'>imperitissimum</span> <span class='ocrx_word' id='word_1_67' title='bbox 1898 1195 2092 1281; x_wconf 85' lang='lat' dir='ltr'>longe</span> <span class='ocrx_word' id='word_1_68' title='bbox 2146 1216 2407 1280; x_wconf 86' lang='lat' dir='ltr'>supera—</span> 
     </span>
    </p>
   </div>
   <div class='ocr_carea' id='block_1_3' title="bbox 130 1298 2523 1388">
    <p class='ocr_par' dir='ltr' id='par_1_3' title="bbox 130 1298 2523 1388">
     <span class='ocr_line' id='line_1_10' title="bbox 130 1298 2523 1388; baseline -0.001 -25"><span class='ocrx_word' id='word_1_69' title='bbox 130 1301 287 1364; x_wconf 86' lang='lat' dir='ltr'>verit</span> <span class='ocrx_word' id='word_1_70' title='bbox 333 1309 398 1364; x_wconf 93' lang='lat' dir='ltr'>et</span> <span class='ocrx_word' id='word_1_71' title='bbox 440 1300 648 1364; x_wconf 90' lang='lat' dir='ltr'>multa</span> <span class='ocrx_word' id='word_1_72' title='bbox 701 1302 950 1388; x_wconf 84' lang='lat' dir='ltr'>primus</span> <span class='ocrx_word' id='word_1_73' title='bbox 1010 1303 1396 1366; x_wconf 83' lang='lat' dir='ltr'>correxerit:</span> <span class='ocrx_word' id='word_1_74' title='bbox 1456 1300 1632 1387; x_wconf 88' lang='lat' dir='ltr'>quod</span> <span class='ocrx_word' id='word_1_75' title='bbox 1675 1307 1893 1363; x_wconf 90' lang='lat' dir='ltr'>autem</span> <span class='ocrx_word' id='word_1_76' title='bbox 1935 1298 2174 1363; x_wconf 88' lang='lat' dir='ltr'>librum</span> <span class='ocrx_word' id='word_1_77' title='bbox 2218 1319 2410 1361; x_wconf 91' lang='lat' dir='ltr'>suum</span> <span class='ocrx_word' id='word_1_78' title='bbox 2518 1309 2523 1312; x_wconf 82' lang='lat'>&#39;</span> 
     </span>
    </p>
   </div>
   <div class='ocr_carea' id='block_1_4' title="bbox 128 1399 2415 3630">
    <p class='ocr_par' dir='ltr' id='par_1_4' title="bbox 128 1399 2415 3218">
     <span class='ocr_line' id='line_1_11' title="bbox 129 1399 2407 1487; baseline -0.001 -23"><span class='ocrx_word' id='word_1_79' title='bbox 129 1400 239 1466; x_wconf 92' lang='lat' dir='ltr'>hoc</span> <span class='ocrx_word' id='word_1_80' title='bbox 291 1401 486 1465; x_wconf 92' lang='lat' dir='ltr'>titulo</span> <span class='ocrx_word' id='word_1_81' title='bbox 542 1401 846 1487; x_wconf 86' lang='lat' dir='ltr'>vulgavit</span> <span class='ocrx_word' id='word_1_82' title='bbox 912 1403 1044 1467; x_wconf 53' lang='lat' dir='ltr'>‘LD</span> <span class='ocrx_word' id='word_1_83' title='bbox 1074 1402 1331 1467; x_wconf 91' lang='lat' dir='ltr'>Annaei</span> <span class='ocrx_word' id='word_1_84' title='bbox 1391 1403 1679 1477; x_wconf 79' lang='lat' dir='ltr'>Senecae</span> <span class='ocrx_word' id='word_1_85' title='bbox 1734 1409 1798 1465; x_wconf 92' lang='lat' dir='ltr'>et</span> <span class='ocrx_word' id='word_1_86' title='bbox 1856 1405 1930 1468; x_wconf 89' lang='lat' dir='ltr'>P.</span> <span class='ocrx_word' id='word_1_87' title='bbox 1993 1401 2145 1485; x_wconf 84' lang='lat' dir='ltr'>Syri</span> <span class='ocrx_word' id='word_1_88' title='bbox 2202 1399 2407 1480; x_wconf 90' lang='lat' dir='ltr'>mimi,</span> 
     </span>
     <span class='ocr_line' id='line_1_12' title="bbox 128 1500 2411 1590; baseline 0 -26"><span class='ocrx_word' id='word_1_89' title='bbox 128 1503 336 1568; x_wconf 86' lang='lat' dir='ltr'>forsan</span> <span class='ocrx_word' id='word_1_90' title='bbox 393 1512 460 1567; x_wconf 93' lang='lat' dir='ltr'>et</span> <span class='ocrx_word' id='word_1_91' title='bbox 515 1503 790 1568; x_wconf 90' lang='lat' dir='ltr'>aliorum</span> <span class='ocrx_word' id='word_1_92' title='bbox 849 1504 1214 1590; x_wconf 86' lang='lat' dir='ltr'>singulares</span> <span class='ocrx_word' id='word_1_93' title='bbox 1275 1506 1669 1585; x_wconf 80' lang='lat' dir='ltr'>sententiae,</span> <span class='ocrx_word' id='word_1_94' title='bbox 1730 1511 2041 1566; x_wconf 91' lang='lat' dir='ltr'>centum</span> <span class='ocrx_word' id='word_1_95' title='bbox 2080 1500 2411 1587; x_wconf 75' lang='lat' dir='ltr'>,aliquot</span> 
     </span>
     <span class='ocr_line' id='line_1_13' title="bbox 131 1601 2408 1692; baseline -0.001 -25"><span class='ocrx_word' id='word_1_96' title='bbox 131 1605 510 1669; x_wconf 87' lang='lat' dir='ltr'>versibus</span> <span class='ocrx_word' id='word_1_97' title='bbox 567 1627 772 1669; x_wconf 89' lang='lat' dir='ltr'>nunc</span> <span class='ocrx_word' id='word_1_98' title='bbox 828 1606 1164 1692; x_wconf 91' lang='lat' dir='ltr'>primum</span> <span class='ocrx_word' id='word_1_99' title='bbox 1216 1616 1497 1671; x_wconf 89' lang='lat' dir='ltr'>auctae</span> <span class='ocrx_word' id='word_1_100' title='bbox 1553 1615 1617 1670; x_wconf 89' lang='lat' dir='ltr'>et</span> <span class='ocrx_word' id='word_1_101' title='bbox 1672 1613 1998 1670; x_wconf 85' lang='lat' dir='ltr'>correctae</span> <span class='ocrx_word' id='word_1_102' title='bbox 2052 1625 2175 1689; x_wconf 91' lang='lat' dir='ltr'>ope</span> <span class='ocrx_word' id='word_1_103' title='bbox 2220 1601 2408 1666; x_wconf 88' lang='lat' dir='ltr'>codd.</span> 
     </span>
     <span class='ocr_line' id='line_1_14' title="bbox 130 1705 2410 1797; baseline -0.001 -29"><span class='ocrx_word' id='word_1_104' title='bbox 130 1705 610 1771; x_wconf 91' lang='lat' dir='ltr'>Palatinorum</span> <span class='ocrx_word' id='word_1_105' title='bbox 637 1715 702 1771; x_wconf 90' lang='lat' dir='ltr'>et</span> <span class='ocrx_word' id='word_1_106' title='bbox 768 1705 1240 1797; x_wconf 85' lang='lat' dir='ltr'>Frisingensis’</span> <span class='ocrx_word' id='word_1_107' title='bbox 1246 1757 1264 1792; x_wconf 92' lang='lat'>,</span> <span class='ocrx_word' id='word_1_108' title='bbox 1329 1707 1400 1773; x_wconf 91' lang='lat' dir='ltr'>id</span> <span class='ocrx_word' id='word_1_109' title='bbox 1465 1709 1705 1772; x_wconf 89' lang='lat' dir='ltr'>nimiae</span> <span class='ocrx_word' id='word_1_110' title='bbox 1770 1707 1898 1771; x_wconf 87' lang='lat' dir='ltr'>fuit</span> <span class='ocrx_word' id='word_1_111' title='bbox 1961 1706 2410 1790; x_wconf 85' lang='lat' dir='ltr'>arrogantiae3</span> 
     </span>
     <span class='ocr_line' id='line_1_15' title="bbox 130 1808 2407 1895; baseline -0.001 -24"><span class='ocrx_word' id='word_1_112' title='bbox 130 1831 270 1872; x_wconf 89' lang='lat' dir='ltr'>nam</span> <span class='ocrx_word' id='word_1_113' title='bbox 318 1830 403 1872; x_wconf 86' lang='lat' dir='ltr'>ex</span> <span class='ocrx_word' id='word_1_114' title='bbox 448 1808 786 1874; x_wconf 89' lang='lat' dir='ltr'>codicibus</span> <span class='ocrx_word' id='word_1_115' title='bbox 821 1809 1148 1874; x_wconf 89' lang='lat' dir='ltr'>Palatinis</span> <span class='ocrx_word' id='word_1_116' title='bbox 1194 1809 1280 1873; x_wconf 89' lang='lat' dir='ltr'>ab</span> <span class='ocrx_word' id='word_1_117' title='bbox 1325 1810 1467 1895; x_wconf 87' lang='lat' dir='ltr'>ipso</span> <span class='ocrx_word' id='word_1_118' title='bbox 1512 1809 1828 1874; x_wconf 87' lang='lat' dir='ltr'>adhibitis</span> <span class='ocrx_word' id='word_1_119' title='bbox 1874 1808 2115 1894; x_wconf 90' lang='lat' dir='ltr'>viginti</span> <span class='ocrx_word' id='word_1_120' title='bbox 2158 1815 2407 1871; x_wconf 90' lang='lat' dir='ltr'>tantum</span> 
     </span>
     <span class='ocr_line' id='line_1_16' title="bbox 130 1909 2411 1996; baseline -0.002 -22"><span class='ocrx_word' id='word_1_121' title='bbox 130 1919 536 1974; x_wconf 88' lang='lat' dir='ltr'>accesserunt</span> <span class='ocrx_word' id='word_1_122' title='bbox 565 1932 604 1973; x_wconf 86' lang='lat' dir='ltr'>a</span> <span class='ocrx_word' id='word_1_123' title='bbox 635 1909 922 1976; x_wconf 90' lang='lat' dir='ltr'>Publilio</span> <span class='ocrx_word' id='word_1_124' title='bbox 967 1911 1428 1994; x_wconf 84' lang='lat' dir='ltr'>alienissimae,</span> <span class='ocrx_word' id='word_1_125' title='bbox 1485 1911 1976 1996; x_wconf 87' lang='lat' dir='ltr'>Frisingensem</span> <span class='ocrx_word' id='word_1_126' title='bbox 2019 1918 2237 1973; x_wconf 90' lang='lat' dir='ltr'>autem</span> <span class='ocrx_word' id='word_1_127' title='bbox 2280 1909 2411 1972; x_wconf 91' lang='lat' dir='ltr'>iam</span> 
     </span>
     <span class='ocr_line' id='line_1_17' title="bbox 129 2011 2413 2100; baseline -0.001 -24"><span class='ocrx_word' id='word_1_128' title='bbox 129 2023 310 2076; x_wconf 90' lang='lat' dir='ltr'>antea</span> <span class='ocrx_word' id='word_1_129' title='bbox 337 2034 691 2078; x_wconf 83' lang='lat' dir='ltr'>excussum</span> <span class='ocrx_word' id='word_1_130' title='bbox 719 2035 804 2076; x_wconf 91' lang='lat' dir='ltr'>ne</span> <span class='ocrx_word' id='word_1_131' title='bbox 834 2013 1207 2100; x_wconf 83' lang='lat' dir='ltr'>inspexerat</span> <span class='ocrx_word' id='word_1_132' title='bbox 1230 2013 1578 2099; x_wconf 88' lang='lat' dir='ltr'>quidem3</span> <span class='ocrx_word' id='word_1_133' title='bbox 1560 2035 1755 2078; x_wconf 79' lang='lat' dir='ltr'>lmmo</span> <span class='ocrx_word' id='word_1_134' title='bbox 1778 2011 2266 2078; x_wconf 88' lang='lat' dir='ltr'>obtrectationis</span> <span class='ocrx_word' id='word_1_135' title='bbox 2290 2011 2413 2074; x_wconf 91' lang='lat' dir='ltr'>cri-</span> 
     </span>
     <span class='ocr_line' id='line_1_18' title="bbox 129 2109 2411 2202; baseline -0.001 -25"><span class='ocrx_word' id='word_1_136' title='bbox 129 2117 280 2180; x_wconf 90' lang='lat' dir='ltr'>mini</span> <span class='ocrx_word' id='word_1_137' title='bbox 323 2137 394 2179; x_wconf 90' lang='lat' dir='ltr'>se</span> <span class='ocrx_word' id='word_1_138' title='bbox 437 2116 522 2180; x_wconf 91' lang='lat' dir='ltr'>iis</span> <span class='ocrx_word' id='word_1_139' title='bbox 569 2115 830 2198; x_wconf 90' lang='lat' dir='ltr'>obiecit,</span> <span class='ocrx_word' id='word_1_140' title='bbox 878 2109 1044 2201; x_wconf 91' lang='lat' dir='ltr'>quae</span> <span class='ocrx_word' id='word_1_141' title='bbox 1088 2115 1623 2181; x_wconf 84' lang='lat' dir='ltr'>adnotationibus</span> <span class='ocrx_word' id='word_1_142' title='bbox 1668 2115 2023 2202; x_wconf 87' lang='lat' dir='ltr'>praemisit.</span> <span class='ocrx_word' id='word_1_143' title='bbox 2101 2115 2411 2178; x_wconf 76' lang='lat' dir='ltr'>‘Primam</span> 
     </span>
     <span class='ocr_line' id='line_1_19' title="bbox 132 2217 2413 2304; baseline -0.001 -25"><span class='ocrx_word' id='word_1_144' title='bbox 132 2219 590 2282; x_wconf 90' lang='lat' dir='ltr'>sententiarum</span> <span class='ocrx_word' id='word_1_145' title='bbox 635 2217 882 2304; x_wconf 90' lang='lat' dir='ltr'>prolem</span> <span class='ocrx_word' id='word_1_146' title='bbox 915 2217 1427 2304; x_wconf 87' lang='lat' dir='ltr'>(Erasmianam)</span> <span class='ocrx_word' id='word_1_147' title='bbox 1466 2239 1673 2303; x_wconf 88' lang='lat' dir='ltr'>nuper</span> <span class='ocrx_word' id='word_1_148' title='bbox 1716 2217 1801 2282; x_wconf 87' lang='lat' dir='ltr'>ad</span> <span class='ocrx_word' id='word_1_149' title='bbox 1844 2217 2165 2281; x_wconf 88' lang='lat' dir='ltr'>invidiam</span> <span class='ocrx_word' id='word_1_150' title='bbox 2206 2235 2413 2300; x_wconf 89' lang='lat' dir='ltr'>usque</span> 
     </span>
     <span class='ocr_line' id='line_1_20' title="bbox 133 2314 2409 2407; baseline -0.001 -27"><span class='ocrx_word' id='word_1_151' title='bbox 133 2317 446 2404; x_wconf 86' lang='lat' dir='ltr'>expolivit</span> <span class='ocrx_word' id='word_1_152' title='bbox 490 2317 645 2383; x_wconf 88' lang='lat' dir='ltr'>lima</span> <span class='ocrx_word' id='word_1_153' title='bbox 690 2319 919 2385; x_wconf 85' lang='lat' dir='ltr'>divina</span> <span class='ocrx_word' id='word_1_154' title='bbox 949 2320 993 2385; x_wconf 88' lang='lat' dir='ltr'>J</span> <span class='ocrx_word' id='word_1_155' title='bbox 997 2319 1222 2407; x_wconf 88' lang='lat' dir='ltr'>osephi</span> <span class='ocrx_word' id='word_1_156' title='bbox 1257 2317 1611 2404; x_wconf 85' lang='lat' dir='ltr'>Scaligeri3</span> <span class='ocrx_word' id='word_1_157' title='bbox 1658 2319 2085 2404; x_wconf 87' lang='lat' dir='ltr'>posteriorem</span> <span class='ocrx_word' id='word_1_158' title='bbox 2131 2317 2271 2381; x_wconf 85' lang='lat' dir='ltr'>fere</span> <span class='ocrx_word' id='word_1_159' title='bbox 2298 2314 2409 2379; x_wconf 85' lang='lat' dir='ltr'>ad-</span> 
     </span>
     <span class='ocr_line' id='line_1_21' title="bbox 131 2417 2413 2509; baseline -0 -26"><span class='ocrx_word' id='word_1_160' title='bbox 131 2419 252 2485; x_wconf 92' lang='lat' dir='ltr'>huc</span> <span class='ocrx_word' id='word_1_161' title='bbox 307 2419 872 2506; x_wconf 81' lang='lat' dir='ltr'>sanguinolentam</span> <span class='ocrx_word' id='word_1_162' title='bbox 921 2443 1041 2507; x_wconf 88' lang='lat' dir='ltr'>ego</span> <span class='ocrx_word' id='word_1_163' title='bbox 1061 2422 1152 2509; x_wconf 69' lang='lat' dir='ltr'>(P)</span> <span class='ocrx_word' id='word_1_164' title='bbox 1198 2421 1299 2486; x_wconf 91' lang='lat' dir='ltr'>his</span> <span class='ocrx_word' id='word_1_165' title='bbox 1355 2422 1518 2509; x_wconf 88' lang='lat' dir='ltr'>ipsis</span> <span class='ocrx_word' id='word_1_166' title='bbox 1575 2421 1874 2486; x_wconf 89' lang='lat' dir='ltr'>manibus</span> <span class='ocrx_word' id='word_1_167' title='bbox 1932 2417 2212 2501; x_wconf 85' lang='lat' dir='ltr'>sustuli,¹</span> <span class='ocrx_word' id='word_1_168' title='bbox 2255 2417 2413 2500; x_wconf 90' lang='lat' dir='ltr'>lavi,</span> 
     </span>
     <span class='ocr_line' id='line_1_22' title="bbox 131 2522 2410 2611; baseline -0.001 -26"><span class='ocrx_word' id='word_1_169' title='bbox 131 2522 286 2605; x_wconf 85' lang='lat' dir='ltr'>fovi,</span> <span class='ocrx_word' id='word_1_170' title='bbox 310 2524 497 2607; x_wconf 87' lang='lat' dir='ltr'>finxi,</span> <span class='ocrx_word' id='word_1_171' title='bbox 519 2523 820 2589; x_wconf 87' lang='lat' dir='ltr'>adhibita</span> <span class='ocrx_word' id='word_1_172' title='bbox 849 2524 1154 2611; x_wconf 88' lang='lat' dir='ltr'>aleiptica</span> <span class='ocrx_word' id='word_1_173' title='bbox 1182 2526 1452 2590; x_wconf 90' lang='lat' dir='ltr'>minime</span> <span class='ocrx_word' id='word_1_174' title='bbox 1474 2523 1868 2611; x_wconf 85' lang='lat' dir='ltr'>paenitenda</span> <span class='ocrx_word' id='word_1_175' title='bbox 1897 2530 1961 2587; x_wconf 72' lang='lat' dir='ltr'>‘e</span> <span class='ocrx_word' id='word_1_176' title='bbox 1990 2522 2410 2609; x_wconf 88' lang='lat' dir='ltr'>myrotheciis</span> 
     </span>
     <span class='ocr_line' id='line_1_23' title="bbox 139 2604 2412 2714; baseline 0 -29"><span class='ocrx_word' id='word_1_177' title='bbox 139 2622 434 2689; x_wconf 88' lang='lat' dir='ltr'>librariae</span> <span class='ocrx_word' id='word_1_178' title='bbox 466 2624 881 2692; x_wconf 90' lang='lat' dir='ltr'>Serenissimi</span> <span class='ocrx_word' id='word_1_179' title='bbox 924 2628 1053 2690; x_wconf 91' lang='lat' dir='ltr'>mei</span> <span class='ocrx_word' id='word_1_180' title='bbox 1083 2627 1433 2714; x_wconf 87' lang='lat' dir='ltr'>Principis,</span> <span class='ocrx_word' id='word_1_181' title='bbox 1481 2624 1803 2690; x_wconf 87' lang='lat' dir='ltr'>Electoris</span> <span class='ocrx_word' id='word_1_182' title='bbox 1848 2604 2179 2689; x_wconf 84' lang='lat' dir='ltr'>Palatini’.</span> <span class='ocrx_word' id='word_1_183' title='bbox 2242 2624 2412 2688; x_wconf 87' lang='lat' dir='ltr'>Con-</span> 
     </span>
     <span class='ocr_line' id='line_1_24' title="bbox 135 2724 2414 2814; baseline -0.001 -24"><span class='ocrx_word' id='word_1_184' title='bbox 135 2726 296 2791; x_wconf 89' lang='lat' dir='ltr'>sulto</span> <span class='ocrx_word' id='word_1_185' title='bbox 354 2729 559 2809; x_wconf 92' lang='lat' dir='ltr'>enim,</span> <span class='ocrx_word' id='word_1_186' title='bbox 616 2739 690 2792; x_wconf 94' lang='lat' dir='ltr'>ut</span> <span class='ocrx_word' id='word_1_187' title='bbox 738 2729 880 2814; x_wconf 91' lang='lat' dir='ltr'>ipse</span> <span class='ocrx_word' id='word_1_188' title='bbox 923 2729 1280 2797; x_wconf 81' lang='lat' dir='ltr'>sententias</span> <span class='ocrx_word' id='word_1_189' title='bbox 1327 2728 1786 2812; x_wconf 84' lang='lat' dir='ltr'>Frisingenses</span> <span class='ocrx_word' id='word_1_190' title='bbox 1831 2728 2081 2813; x_wconf 89' lang='lat' dir='ltr'>primus</span> <span class='ocrx_word' id='word_1_191' title='bbox 2126 2724 2414 2790; x_wconf 88' lang='lat' dir='ltr'>edidisse</span> 
     </span>
     <span class='ocr_line' id='line_1_25' title="bbox 135 2828 2411 2915; baseline 0 -25"><span class='ocrx_word' id='word_1_192' title='bbox 135 2828 482 2912; x_wconf 87' lang='lat' dir='ltr'>videretur,</span> <span class='ocrx_word' id='word_1_193' title='bbox 517 2829 786 2896; x_wconf 88' lang='lat' dir='ltr'>editoris</span> <span class='ocrx_word' id='word_1_194' title='bbox 818 2829 1365 2915; x_wconf 88' lang='lat' dir='ltr'>Ingolstadiensis</span> <span class='ocrx_word' id='word_1_195' title='bbox 1395 2852 1479 2894; x_wconf 93' lang='lat' dir='ltr'>ne</span> <span class='ocrx_word' id='word_1_196' title='bbox 1510 2832 1903 2895; x_wconf 86' lang='lat' dir='ltr'>mentionem</span> <span class='ocrx_word' id='word_1_197' title='bbox 1935 2828 2203 2915; x_wconf 91' lang='lat' dir='ltr'>quidem</span> <span class='ocrx_word' id='word_1_198' title='bbox 2232 2828 2411 2910; x_wconf 87' lang='lat' dir='ltr'>fecit,</span> 
     </span>
     <span class='ocr_line' id='line_1_26' title="bbox 135 2931 2410 3019; baseline -0 -25"><span class='ocrx_word' id='word_1_199' title='bbox 135 2940 194 2995; x_wconf 90' lang='lat' dir='ltr'>et</span> <span class='ocrx_word' id='word_1_200' title='bbox 234 2931 345 2995; x_wconf 90' lang='lat' dir='ltr'>ubi</span> <span class='ocrx_word' id='word_1_201' title='bbox 390 2932 619 3019; x_wconf 86' lang='lat' dir='ltr'>utique</span> <span class='ocrx_word' id='word_1_202' title='bbox 665 2933 1264 2999; x_wconf 87' lang='lat' dir='ltr'>commemorandus</span> <span class='ocrx_word' id='word_1_203' title='bbox 1312 2942 1481 3015; x_wconf 87' lang='lat' dir='ltr'>erat,</span> <span class='ocrx_word' id='word_1_204' title='bbox 1528 2931 1758 2997; x_wconf 89' lang='lat' dir='ltr'>maluit</span> <span class='ocrx_word' id='word_1_205' title='bbox 1804 2954 1949 2996; x_wconf 91' lang='lat' dir='ltr'>eum</span> <span class='ocrx_word' id='word_1_206' title='bbox 1993 2939 2165 2995; x_wconf 88' lang='lat' dir='ltr'>tecte</span> <span class='ocrx_word' id='word_1_207' title='bbox 2210 2932 2410 3015; x_wconf 83' lang='lat' dir='ltr'>signi-</span> 
     </span>
     <span class='ocr_line' id='line_1_27' title="bbox 134 3032 2415 3119; baseline 0.001 -25"><span class='ocrx_word' id='word_1_208' title='bbox 134 3032 337 3116; x_wconf 84' lang='lat' dir='ltr'>ficare,</span> <span class='ocrx_word' id='word_1_209' title='bbox 384 3034 595 3099; x_wconf 87' lang='lat' dir='ltr'>veluti</span> <span class='ocrx_word' id='word_1_210' title='bbox 623 3034 708 3098; x_wconf 88' lang='lat' dir='ltr'>ad</span> <span class='ocrx_word' id='word_1_211' title='bbox 739 3056 805 3098; x_wconf 86' lang='lat' dir='ltr'>v.</span> <span class='ocrx_word' id='word_1_212' title='bbox 844 3034 996 3099; x_wconf 85' lang='lat'>142:</span> <span class='ocrx_word' id='word_1_213' title='bbox 1045 3037 1236 3117; x_wconf 76' lang='lat' dir='ltr'>‘quod</span> <span class='ocrx_word' id='word_1_214' title='bbox 1277 3037 1671 3119; x_wconf 75' lang='lat' dir='ltr'>obtruserant</span> <span class='ocrx_word' id='word_1_215' title='bbox 1698 3036 1877 3101; x_wconf 63' lang='lat' dir='ltr'>‘nobis</span> <span class='ocrx_word' id='word_1_216' title='bbox 1920 3035 2101 3113; x_wconf 68' lang='lat' dir='ltr'>alii,</span> <span class='ocrx_word' id='word_1_217' title='bbox 2148 3034 2415 3098; x_wconf 74' lang='lat' dir='ltr'>damnat</span> 
     </span>
     <span class='ocr_line' id='line_1_28' title="bbox 137 3136 989 3218; baseline 0.002 -19"><span class='ocrx_word' id='word_1_218' title='bbox 137 3155 289 3214; x_wconf 78' lang='lat' dir='ltr'>quae</span> <span class='ocrx_word' id='word_1_219' title='bbox 332 3137 572 3218; x_wconf 71' lang='lat' dir='ltr'>linqua,</span> <span class='ocrx_word' id='word_1_220' title='bbox 626 3137 817 3203; x_wconf 73' lang='lat' dir='ltr'><em>nihili</em></span> <span class='ocrx_word' id='word_1_221' title='bbox 859 3136 989 3201; x_wconf 76' lang='lat' dir='ltr'>est&#39;.</span> 
     </span>
    </p>

    <p class='ocr_par' dir='ltr' id='par_1_5' title="bbox 137 3236 2413 3630">
     <span class='ocr_line' id='line_1_29' title="bbox 290 3236 2411 3324; baseline 0 -23"><span class='ocrx_word' id='word_1_222' title='bbox 290 3236 510 3301; x_wconf 90' lang='lat' dir='ltr'>Aliam</span> <span class='ocrx_word' id='word_1_223' title='bbox 555 3260 812 3324; x_wconf 91' lang='lat' dir='ltr'>quoque</span> <span class='ocrx_word' id='word_1_224' title='bbox 856 3240 1324 3304; x_wconf 87' lang='lat' dir='ltr'>sententiarum</span> <span class='ocrx_word' id='word_1_225' title='bbox 1368 3239 1722 3304; x_wconf 89' lang='lat' dir='ltr'>editionem</span> <span class='ocrx_word' id='word_1_226' title='bbox 1751 3237 1927 3303; x_wconf 90' lang='lat' dir='ltr'>idem</span> <span class='ocrx_word' id='word_1_227' title='bbox 1958 3239 2213 3302; x_wconf 89' lang='lat' dir='ltr'>curavit</span> <span class='ocrx_word' id='word_1_228' title='bbox 2243 3236 2411 3303; x_wconf 83' lang='lat' dir='ltr'>Gru-</span> 
     </span>
     <span class='ocr_line' id='line_1_30' title="bbox 137 3338 2413 3441; baseline 0.001 -42"><span class='ocrx_word' id='word_1_229' title='bbox 137 3345 301 3403; x_wconf 88' lang='lat' dir='ltr'>terus</span> <span class='ocrx_word' id='word_1_230' title='bbox 355 3361 526 3403; x_wconf 90' lang='lat' dir='ltr'>anno</span> <span class='ocrx_word' id='word_1_231' title='bbox 577 3340 740 3405; x_wconf 87' lang='lat'>1610</span> <span class='ocrx_word' id='word_1_232' title='bbox 795 3342 866 3404; x_wconf 92' lang='lat' dir='ltr'>in</span> <span class='ocrx_word' id='word_1_233' title='bbox 921 3338 1278 3441; x_wconf 83' lang='lat' dir='ltr'>Florilegio</span> <span class='ocrx_word' id='word_1_234' title='bbox 1333 3340 1879 3428; x_wconf 89' lang='lat' dir='ltr'>ethico-politico,</span> <span class='ocrx_word' id='word_1_235' title='bbox 1939 3340 2413 3426; x_wconf 80' lang='lat' dir='ltr'>quinquaginta</span> 
     </span>
     <span class='ocr_line' id='line_1_31' title="bbox 139 3435 2413 3529; baseline 0.002 -29"><span class='ocrx_word' id='word_1_236' title='bbox 139 3439 383 3507; x_wconf 87' lang='lat' dir='ltr'>circiter</span> <span class='ocrx_word' id='word_1_237' title='bbox 448 3441 754 3507; x_wconf 87' lang='lat' dir='ltr'>versibus</span> <span class='ocrx_word' id='word_1_238' title='bbox 817 3435 1076 3508; x_wconf 86' lang='lat' dir='ltr'>auctam</span> <span class='ocrx_word' id='word_1_239' title='bbox 1130 3441 1238 3506; x_wconf 88' lang='lat' dir='ltr'>vel</span> <span class='ocrx_word' id='word_1_240' title='bbox 1302 3444 1521 3529; x_wconf 88' lang='lat' dir='ltr'>potius</span> <span class='ocrx_word' id='word_1_241' title='bbox 1581 3439 2069 3528; x_wconf 85' lang='lat' dir='ltr'>interpolatam,</span> <span class='ocrx_word' id='word_1_242' title='bbox 2133 3463 2279 3506; x_wconf 92' lang='lat' dir='ltr'>cum</span> <span class='ocrx_word' id='word_1_243' title='bbox 2331 3464 2413 3504; x_wconf 91' lang='lat' dir='ltr'>ne</span> 
     </span>
     <span class='ocr_line' id='line_1_32' title="bbox 138 3541 1065 3630; baseline 0.006 -27"><span class='ocrx_word' id='word_1_244' title='bbox 138 3562 288 3609; x_wconf 88' lang='lat' dir='ltr'>unus</span> <span class='ocrx_word' id='word_1_245' title='bbox 333 3541 599 3630; x_wconf 89' lang='lat' dir='ltr'>quidem</span> <span class='ocrx_word' id='word_1_246' title='bbox 643 3544 730 3609; x_wconf 90' lang='lat' dir='ltr'>sit</span> <span class='ocrx_word' id='word_1_247' title='bbox 773 3542 1065 3609; x_wconf 89' lang='lat' dir='ltr'>Publilii.</span> 
     </span>
    </p>
   </div>
   <div class='ocr_carea' id='block_1_5' title="bbox 291 3643 2504 3763">
    <p class='ocr_par' dir='ltr' id='par_1_6' title="bbox 291 3643 2504 3763">
     <span class='ocr_line' id='line_1_33' title="bbox 291 3643 2504 3763; baseline -0.001 -52"><span class='ocrx_word' id='word_1_248' title='bbox 291 3644 487 3711; x_wconf 87' lang='lat' dir='ltr'>Ultra</span> <span class='ocrx_word' id='word_1_249' title='bbox 544 3668 812 3763; x_wconf 74' lang='lat' dir='ltr'>scopum</span> <span class='ocrx_word' id='word_1_250' title='bbox 873 3648 1119 3710; x_wconf 87' lang='lat' dir='ltr'>incerto</span> <span class='ocrx_word' id='word_1_251' title='bbox 1164 3646 1300 3710; x_wconf 89' lang='lat' dir='ltr'>ictu</span> <span class='ocrx_word' id='word_1_252' title='bbox 1341 3645 1700 3710; x_wconf 88' lang='lat' dir='ltr'>tetendisse</span> <span class='ocrx_word' id='word_1_253' title='bbox 1743 3643 2087 3732; x_wconf 90' lang='lat' dir='ltr'>plerosque</span> <span class='ocrx_word' id='word_1_254' title='bbox 2131 3644 2413 3709; x_wconf 87' lang='lat' dir='ltr'>editores</span> <span class='ocrx_word' id='word_1_255' title='bbox 2482 3672 2504 3687; x_wconf 56' lang='lat'>³</span> 
     </span>
    </p>
   </div>
   <div class='ocr_carea' id='block_1_6' title="bbox 138 3746 2413 4243">
    <p class='ocr_par' dir='ltr' id='par_1_7' title="bbox 138 3746 2413 4243">
     <span class='ocr_line' id='line_1_34' title="bbox 138 3746 2412 3833; baseline 0 -24"><span class='ocrx_word' id='word_1_256' title='bbox 138 3746 326 3830; x_wconf 89' lang='lat' dir='ltr'>probe</span> <span class='ocrx_word' id='word_1_257' title='bbox 383 3748 589 3813; x_wconf 89' lang='lat' dir='ltr'>sensit</span> <span class='ocrx_word' id='word_1_258' title='bbox 643 3748 895 3833; x_wconf 82' lang='lat' dir='ltr'>ingenii</span> <span class='ocrx_word' id='word_1_259' title='bbox 950 3748 1252 3812; x_wconf 91' lang='lat' dir='ltr'>acumine</span> <span class='ocrx_word' id='word_1_260' title='bbox 1294 3748 1469 3812; x_wconf 86' lang='lat' dir='ltr'>inter</span> <span class='ocrx_word' id='word_1_261' title='bbox 1510 3768 1749 3833; x_wconf 88' lang='lat' dir='ltr'>paucos</span> <span class='ocrx_word' id='word_1_262' title='bbox 1803 3748 2083 3832; x_wconf 88' lang='lat' dir='ltr'>insignis</span> <span class='ocrx_word' id='word_1_263' title='bbox 2137 3746 2412 3810; x_wconf 90' lang='lat' dir='ltr'>Ricar-</span> 
     </span>
     <span class='ocr_line' id='line_1_35' title="bbox 139 3847 2411 3938; baseline 0.001 -29"><span class='ocrx_word' id='word_1_264' title='bbox 139 3847 270 3913; x_wconf 88' lang='lat' dir='ltr'>dus</span> <span class='ocrx_word' id='word_1_265' title='bbox 314 3848 778 3935; x_wconf 89' lang='lat' dir='ltr'>Bentleius3</span> <span class='ocrx_word' id='word_1_266' title='bbox 824 3860 898 3915; x_wconf 89' lang='lat' dir='ltr'>ut</span> <span class='ocrx_word' id='word_1_267' title='bbox 941 3852 1085 3938; x_wconf 91' lang='lat' dir='ltr'>ipse</span> <span class='ocrx_word' id='word_1_268' title='bbox 1128 3847 1401 3916; x_wconf 88' lang='lat' dir='ltr'>Publilii</span> <span class='ocrx_word' id='word_1_269' title='bbox 1443 3850 1801 3913; x_wconf 88' lang='lat' dir='ltr'>sententias</span> <span class='ocrx_word' id='word_1_270' title='bbox 1845 3870 1977 3912; x_wconf 86' lang='lat' dir='ltr'>una</span> <span class='ocrx_word' id='word_1_271' title='bbox 2018 3870 2166 3912; x_wconf 90' lang='lat' dir='ltr'>cum</span> <span class='ocrx_word' id='word_1_272' title='bbox 2207 3848 2411 3913; x_wconf 85' lang='lat' dir='ltr'>Phae·</span> 
     </span>
     <span class='ocr_line' id='line_1_36' title="bbox 138 3949 2413 4039; baseline 0.001 -28"><span class='ocrx_word' id='word_1_273' title='bbox 138 3949 230 4012; x_wconf 87' lang='lat' dir='ltr'>dri</span> <span class='ocrx_word' id='word_1_274' title='bbox 273 3949 516 4015; x_wconf 86' lang='lat' dir='ltr'>fabulis</span> <span class='ocrx_word' id='word_1_275' title='bbox 565 3951 852 4016; x_wconf 88' lang='lat' dir='ltr'>edendas</span> <span class='ocrx_word' id='word_1_276' title='bbox 898 3952 1280 4039; x_wconf 88' lang='lat' dir='ltr'>susciperet,</span> <span class='ocrx_word' id='word_1_277' title='bbox 1328 3972 1405 4014; x_wconf 91' lang='lat' dir='ltr'>ea</span> <span class='ocrx_word' id='word_1_278' title='bbox 1434 3952 1786 4038; x_wconf 88' lang='lat' dir='ltr'>praecipue</span> <span class='ocrx_word' id='word_1_279' title='bbox 1820 3972 2015 4016; x_wconf 84' lang='lat' dir='ltr'>causa</span> <span class='ocrx_word' id='word_1_280' title='bbox 2042 3950 2192 4033; x_wconf 84' lang='lat' dir='ltr'>fuit,</span> <span class='ocrx_word' id='word_1_281' title='bbox 2240 3950 2413 4036; x_wconf 89' lang='lat' dir='ltr'>quod</span> 
     </span>
     <span class='ocr_line' id='line_1_37' title="bbox 140 4049 2411 4138; baseline 0.001 -25"><span class='ocrx_word' id='word_1_282' title='bbox 140 4049 406 4117; x_wconf 86' lang='lat' dir='ltr'>Harium</span> <span class='ocrx_word' id='word_1_283' title='bbox 435 4053 732 4119; x_wconf 90' lang='lat' dir='ltr'>Terentii</span> <span class='ocrx_word' id='word_1_284' title='bbox 777 4055 1092 4119; x_wconf 83' lang='lat' dir='ltr'>editorem</span> <span class='ocrx_word' id='word_1_285' title='bbox 1134 4053 1309 4117; x_wconf 88' lang='lat' dir='ltr'>idem</span> <span class='ocrx_word' id='word_1_286' title='bbox 1341 4053 1687 4118; x_wconf 89' lang='lat' dir='ltr'>consilium</span> <span class='ocrx_word' id='word_1_287' title='bbox 1714 4053 1965 4138; x_wconf 88' lang='lat' dir='ltr'>agitare</span> <span class='ocrx_word' id='word_1_288' title='bbox 1994 4063 2411 4138; x_wconf 87' lang='lat' dir='ltr'>cognoverat.</span> 
     </span>
     <span class='ocr_line' id='line_1_38' title="bbox 141 4151 2411 4243; baseline 0.001 -28"><span class='ocrx_word' id='word_1_289' title='bbox 141 4151 232 4215; x_wconf 80' lang='lat' dir='ltr'>Of.</span> <span class='ocrx_word' id='word_1_290' title='bbox 261 4154 544 4220; x_wconf 88' lang='lat' dir='ltr'>Bentleii</span> <span class='ocrx_word' id='word_1_291' title='bbox 587 4157 796 4221; x_wconf 86' lang='lat' dir='ltr'>vitam</span> <span class='ocrx_word' id='word_1_292' title='bbox 837 4178 878 4219; x_wconf 88' lang='lat' dir='ltr'>a</span> <span class='ocrx_word' id='word_1_293' title='bbox 920 4156 1171 4222; x_wconf 89' lang='lat' dir='ltr'>Jacobo</span> <span class='ocrx_word' id='word_1_294' title='bbox 1203 4153 1486 4221; x_wconf 90' lang='lat' dir='ltr'>Maehlio</span> <span class='ocrx_word' id='word_1_295' title='bbox 1533 4154 1927 4242; x_wconf 86' lang='lat' dir='ltr'>descriptam</span> <span class='ocrx_word' id='word_1_296' title='bbox 1957 4177 2065 4243; x_wconf 89' lang='lat' dir='ltr'>pg.</span> <span class='ocrx_word' id='word_1_297' title='bbox 2098 4155 2204 4234; x_wconf 68' lang='lat'>91,</span> <span class='ocrx_word' id='word_1_298' title='bbox 2256 4155 2411 4218; x_wconf 87' lang='lat' dir='ltr'>Pro—</span> 
     </span>
    </p>
   </div>
   <div class='ocr_carea' id='block_1_7' title="bbox 142 4252 2410 4446">
    <p class='ocr_par' dir='ltr' id='par_1_8' title="bbox 142 4252 2410 4446">
     <span class='ocr_line' id='line_1_39' title="bbox 142 4252 2409 4339; baseline 0.002 -24"><span class='ocrx_word' id='word_1_299' title='bbox 142 4252 253 4319; x_wconf 86' lang='lat' dir='ltr'>diit</span> <span class='ocrx_word' id='word_1_300' title='bbox 295 4255 408 4320; x_wconf 93' lang='lat' dir='ltr'>illa</span> <span class='ocrx_word' id='word_1_301' title='bbox 453 4256 658 4322; x_wconf 89' lang='lat' dir='ltr'>editio</span> <span class='ocrx_word' id='word_1_302' title='bbox 690 4257 1002 4322; x_wconf 88' lang='lat' dir='ltr'>Cantabr.</span> <span class='ocrx_word' id='word_1_303' title='bbox 1040 4258 1358 4322; x_wconf 82' lang='lat'><strong>1724..4⁰.</strong></span> <span class='ocrx_word' id='word_1_304' title='bbox 1448 4256 1603 4339; x_wconf 85' lang='lat' dir='ltr'>Sed,</span> <span class='ocrx_word' id='word_1_305' title='bbox 1651 4266 1725 4321; x_wconf 89' lang='lat' dir='ltr'>ut</span> <span class='ocrx_word' id='word_1_306' title='bbox 1768 4258 1841 4321; x_wconf 89' lang='lat' dir='ltr'>fit</span> <span class='ocrx_word' id='word_1_307' title='bbox 1885 4258 1955 4320; x_wconf 88' lang='lat' dir='ltr'>in</span> <span class='ocrx_word' id='word_1_308' title='bbox 1999 4256 2218 4321; x_wconf 89' lang='lat' dir='ltr'>subito</span> <span class='ocrx_word' id='word_1_309' title='bbox 2262 4278 2409 4319; x_wconf 86' lang='lat' dir='ltr'>con-</span> 
     </span>
     <span class='ocr_line' id='line_1_40' title="bbox 143 4356 2410 4446; baseline 0.002 -29"><span class='ocrx_word' id='word_1_310' title='bbox 143 4356 311 4441; x_wconf 90' lang='lat' dir='ltr'>silio,</span> <span class='ocrx_word' id='word_1_311' title='bbox 355 4380 460 4421; x_wconf 87' lang='lat' dir='ltr'>res</span> <span class='ocrx_word' id='word_1_312' title='bbox 505 4359 909 4446; x_wconf 87' lang='lat' dir='ltr'>improspere</span> <span class='ocrx_word' id='word_1_313' title='bbox 953 4361 1167 4424; x_wconf 87' lang='lat' dir='ltr'>cessit.</span> <span class='ocrx_word' id='word_1_314' title='bbox 1259 4360 1427 4424; x_wconf 85' lang='lat' dir='ltr'>Nam</span> <span class='ocrx_word' id='word_1_315' title='bbox 1472 4358 1769 4424; x_wconf 88' lang='lat' dir='ltr'>codicum</span> <span class='ocrx_word' id='word_1_316' title='bbox 1783 4398 1815 4442; x_wconf 40' lang='lat' dir='ltr'>,s</span> <span class='ocrx_word' id='word_1_317' title='bbox 1861 4366 2019 4445; x_wconf 86' lang='lat' dir='ltr'>quos</span> <span class='ocrx_word' id='word_1_318' title='bbox 2064 4357 2410 4439; x_wconf 90' lang='lat' dir='ltr'>consuluit,</span> 
     </span>
    </p>
   </div>
  </div>
 </body>
</html>
