2917 4950
778 319 1087 371 Pussmnn
1134 317 1309 368 st.
1338 318 1799 367 SENTENTIAE.
2318 300 2438 364 113

314 473 603 538 Virtutis
650 471 860 558 spolia
904 495 1052 536 eum
1096 472 1299 554 videt,
1344 471 1592 557 gaudet
1634 471 1836 536 labor.

314 573 603 638 Virtutis
649 573 880 646 vultus
917 582 1169 662 partem
1210 574 1409 638 habet
1453 575 1792 640 victoriae.

315 675 582 740 Virtute
626 675 801 762 quod.
844 698 976 741 non
1021 677 1257 764 possis,
1303 674 1624 740 blanditia
1667 675 1948 740 auferas.

312 777 681 864 Utrumque
726 799 945 844 casum
990 781 1283 865 aspicere
1328 777 1546 861 debet,
1595 779 1706 864 qui
1750 779 2048 863 imperat.

130 885 269 944 650
315 876 641 966 Voluptas
686 881 888 944 tacita
930 889 1143 945 metus
1190 888 1291 944 est
1331 901 1523 964 mage
1569 899 1762 966 quam
1805 878 2138 964 gaudium.

311 979 465 1044 Viri
508 981 661 1048 boni
711 991 817 1048 est
860 985 1112 1047 nescire
1154 983 1466 1046 iniuriam
1509 983 1668 1068 pati.

315 1081 525 1147 Vultu
568 1105 653 1148 an
698 1096 933 1150 natura
978 1085 1239 1173 sapiens
1284 1085 1397 1166 sis,
1441 1082 1721 1149 multum
1764 1085 2056 1148 interest.

313 1183 568 1250 Virtuti
611 1207 895 1252 amorem
940 1207 1160 1253 nemo·
1176 1186 1448 1277 honeste
1496 1186 1794 1272 denegat.

129 1305 273 1344 Prov-
322 1287 548 1352 Zelum
592 1289 665 1353 de
710 1291 817 1353 deo
863 1293 1112 1352 tantum
1154 1288 1405 1367 habeam,
1452 1309 1584 1354 non
1626 1294 1845 1376 contra
1888 1287 2182 1354 homines.

133 1395 263 1451 149
312 1386 535 1454 Zelari
578 1395 788 1456 autem
829 1389 1188 1456 hominibus
1228 1392 1524 1456 vitiosum
1567 1396 1671 1457 est.

145 1631 421 1675 comens
452 1635 503 1672 v.
537 1615 901 1676 629-653:
949 1620 1007 1674 F
1030 1616 1190 1691 (Τπ),
1234 1616 1487 1674 Proverb.
1519 1601 1690 1676 PRE'

143 1753 233 1824 cf.
264 1769 314 1807 v.
352 1751 495 1809 238.
528 1751 649 1810 592
844 1753 1125 1810 inferendo
1157 1749 1210 1810 π’
1393 1756 1586 1810 invites
1616 1755 1698 1810 F:
1727 1756 1918 1811 invitas
1947 1772 1993 1810 π
2019 1757 2258 1830 Inyolst.

144 1836 273 1894 647
326 1835 413 1909 Cf.
444 1857 493 1894 v.
528 1837 651 1894 492
797 1837 991 1893 vulnus
1020 1839 1260 1914 Inqolst.
1426 1839 1547 1897 648
1591 1856 1704 1896 non
1735 1857 1840 1897 om.
1873 1856 1919 1894 π
2066 1839 2186 1898 649
2233 1833 2446 1897 utrum?

143 1938 257 1995 que
288 1917 501 1998 casum]
545 1927 581 1979 i.
616 1941 663 1979 e.
707 1927 1003 1980 victoriam
1046 1932 1102 1980 et
1137 1925 1371 1999 fuyam,
1426 1927 1516 1981 vel
1545 1940 1844 1997 prospera
1888 1931 1943 1981 et
1985 1929 2234 1984 adversa

145 2006 277 2064 650
321 2023 477 2081 mage
510 2007 753 2064 Gruter.-
794 2009 966 2082 magis
997 2009 1055 2063 F
1061 2032 1079 2072 ,·
1122 2026 1193 2064 m.
1226 2011 1396 2083 magis
1430 2025 1591 2083 quam
1625 2010 1878 2082 gaudium
1909 2019 1993 2066 est
2023 2012 2242 2082 Bothe,
2287 2025 2442 2085 mage

144 2109 219 2146 m.
257 2109 309 2164 q.
344 2109 399 2164 g.
434 2100 519 2148 est
551 2092 767 2149 Gruter
981 2093 1098 2150 651
1148 2089 1183 2126 ²³²
1214 2095 1458 2149 iniuriam
1489 2095 1600 2168 pati
1630 2097 1758 2151 coll.
1791 2113 1840 2152 v.
1875 2095 1986 2152 99:
2017 2097 2111 2151 ini.
2143 2095 2319 2151 facere
2349 2096 2445 2150 Fa

142 2179 303 2232 unde
350 2179 514 2250 vulyo
565 2177 741 2234 facere
772 2178 1049 2254 iniuriam,
1137 2185 1211 2234 At
1251 2181 1397 2236 idem
1440 2181 1626 2236 codex
1670 2196 1715 2234 π
1745 2183 1931 2251 paulo
1969 2175 2156 2252 supr-‘a
2201 2183 2439 2236 eandem

141 2265 489 2317 sententiam
532 2265 616 2318 sic
659 2263 923 2319 exhibet:
976 2261 1034 2318 V.
1066 2262 1237 2319 b..·e'st
1276 2265 1486 2320 nescire
1527 2265 1637 2336 pati
1679 2263 1764 2319 vel
1807 2264 1985 2320 facere
2024 2266 2272 2321 iniuriam
2315 2282 2444 2321 cum

144 2345 321 2402 Caec.
355 2346 545 2403 Balbo
574 2345 810 2404 Monac.
843 2345 944 2419 22,
976 2346 1016 2402 4
1048 2346 1137 2420 (p.
1170 2346 1294 2421 27),
1335 2348 1530 2405 Paris,
1564 2347 1641 2403 12
1677 2343 1764 2424 (p.
1799 2347 1934 2422 38);
1980 2351 2188 2406 nescire
2219 2349 2304 2405 vel
2333 2350 2443 2423 pati

141 2429 233 2486 vel
276 2429 453 2487 facere
494 2433 740 2488 iniuriam
798 2433 954 2491 Vino.
996 2433 1146 2490 Bell.
1190 2449 1276 2505 sp.
1319 2435 1449 2491 hist.
1483 2433 1552 2506 3,
1584 2431 1697 2506 82,
1739 2450 1830 2507 sp.
1871 2435 1926 2491 d.
1957 2432 2029 2509 4,
2062 2433 2174 2507 83,
2220 2436 2444 2493 Walter

143 2516 324 2573 Burl.
351 2534 397 2572 s.
424 2536 475 2573 v.
502 2518 737 2575 Aris-tot.
770 2524 831 2574 ut
861 2521 931 2575 de
959 2522 1297 2592 ylossemate
1330 2524 1429 2576 vix
1458 2521 1717 2575 dubitari
1733 2524 1939 2590 possit.
2061 2519 2182 2577 652
2228 2522 2442 2594 sapiens

140 2602 221 2656 sis
253 2601 473 2659 Bothe.-
502 2604 577 2658 sis
608 2620 726 2676 sap.
760 2603 818 2658 F
953 2604 1229 2661 Proverb.
1268 2603 1410 2676 148,
1447 2603 1566 2661 149
1597 2604 1792 2669 PRE,·
1834 2622 1940 2661 om.
1975 2603 2090 2661 FC.

249 4455 507 4500 Punmnrus
534 4434 695 4502 Snus.
2002 4454 2034 4503 8
