2917 4950
452 272 575 336 140
1357 286 1451 332 nn
1499 285 1827 334 Momssus.

488 448 588 506 43.
637 441 781 506 Non
828 442 955 506 cris
987 441 1055 505 in
1085 440 1331 528 patria:
1378 441 1592 527 patria
1624 449 1724 504 est
1753 440 2147 528 ubicumque
2176 440 2344 504 bene
2375 450 2495 505 est.
2565 442 2756 506 Illud

642 543 836 626 enim,
882 565 997 630 per
1028 542 1203 630 quod
1234 543 1399 606 bene
1430 552 1552 625 est,
1597 564 1729 607 non
1760 545 1828 608 in
1859 541 2023 624 loco,
2072 542 2185 607 sed
2229 544 2297 606 in
2327 542 2590 608 homine
2623 554 2754 608 est.

490 651 590 708 44.
636 644 817 710 Nihil
860 667 1167 730 magnum
1214 653 1311 708 est
1354 645 1425 708 in
1465 644 1660 710 rebus
1692 645 2014 726 humaniS,
2059 645 2188 710 nisi
2218 646 2473 710 animus
2504 669 2757 730 magna

640 747 1027 834 despiciens.

485 855 585 914 45.
632 849 821 930 Quae
864 859 1015 914 sunt
1058 850 1382 914 maximae
1427 847 1749 914 divitiae?
1794 871 1928 914 non
1969 849 2342 916 desiderare
2399 851 2705 916 divitias.

495 960 596 1018 46.
645 952 808 1034 Quis
855 951 1203 1040 plurimum
1248 950 1497 1016 habet?
1542 952 1598 1015 is
1645 953 1757 1038 qui
1801 952 2141 1017 minimum
2189 954 2388 1040 cupit.

491 1061 591 1120 47.
641 1053 825 1136 Quid
870 1063 969 1120 est
1012 1053 1401 1118 beneficium
1446 1053 1651 1118 dare?
1697 1053 1888 1118 deum
1937 1055 2201 1120 imitari.

487 1164 591 1224 48.
637 1156 993 1223 Honestius
1042 1166 1140 1221 est
1185 1178 1331 1221 cum
1374 1155 1775 1222 indicaveris
1819 1177 2072 1239 amare,
2132 1177 2327 1243 quam
2372 1179 2519 1223 cum
2565 1179 2748 1222 ama-

640 1259 815 1324 veris
861 1259 1174 1324 iudicare.

486 1369 587 1427 49.
636 1362 977 1426 Dissensio
1022 1361 1106 1425 ab
1152 1358 1281 1426 alio
1325 1361 1623 1448 incipiat,
1671 1382 1710 1424 a
1752 1369 1818 1424 te
1861 1369 2080 1426 autem
2121 1360 2591 1428 reconciliatio.

487 1470 588 1528 50.
636 1463 955 1528 Succurre
1001 1464 1371 1551 paupertati
1412 1463 1801 1546 amicorum,
1850 1465 2048 1529 immo
2081 1484 2386 1530 succurre
2427 1466 2745 1542 cuiusvis

488 1572 584 1630 51.
632 1567 901 1630 Amicos
942 1565 1267 1631 secundae
1297 1587 1399 1630 res
1433 1567 1677 1653 optime
1705 1575 1960 1652 parant,
2005 1566 2323 1631 adversae
2351 1575 2569 1632 au'tem
2601 1589 2744 1630 cer-

638 1669 889 1732 tissime
933 1668 1234 1756 probant.

487 1777 586 1835 52.
634 1771 867 1834 Peiora
924 1780 1074 1836 sunt
1128 1779 1302 1834 tecta
1353 1770 1505 1834 odia
1551 1792 1744 1857 quam
1787 1779 2033 1856 aperta.
2129 1771 2362 1858 Itaque
2405 1779 2472 1835 te
2516 1773 2744 1836 minus

631 1873 877 1959 loquax
930 1873 1235 1939 inimicus
1284 1871 1554 1937 offendit
1611 1893 1804 1959 quam
1849 1873 2120 1938 tacitus:
2182 1873 2374 1938 huius
2421 1876 2595 1939 enim
2641 1876 2745 1939 ira
2813 1901 2818 1904 ·

634 1996 704 2038 se
750 1973 1058 2056 denudat,
1106 1973 1279 2038 illius
1328 1976 1584 2061 quaerit
1627 1974 1711 2038 ad
1755 1973 2126 2040 nocendum
2171 1977 2606 2041 occasionem.-

487 2084 585 2142 53.
630 2077 803 2142 Mira
846 2078 1013 2142 ratio
1060 2084 1190 2159 est,
1249 2099 1416 2164 quae
1461 2100 1594 2143 non
1638 2077 1782 2143 vult
1825 2077 2222 2164 praedicari,
2271 2078 2447 2165 quod
2489 2079 2744 2164 gaudet

634 2176 953 2266 intellegi.

483 2289 584 2347 54.
631 2283 927 2368 Agnosci
968 2292 1166 2366 amat,
1213 2283 1325 2369 qui
1370 2281 1548 2371 quod
1590 2282 1729 2368 agit
1772 2280 2080 2349 ostendit.

608 2546 690 2604 43
736 2548 823 2603 De
853 2550 1063 2603 remed.
1093 2547 1236 2620 fort.
1268 2548 1339 2619 8,
1374 2547 1430 2604 2.
1523 2547 1792 2604 Incertus
1812 2554 2013 2620 poeta
2025 2565 2124 2619 ap.
2158 2548 2273 2604 Cic.
2317 2546 2486 2603 Tusc.
2523 2546 2596 2619 5,
2632 2549 2740 2619 37,

446 2633 563 2689 108
597 2630 784 2704 (Ribb.
819 2640 966 2706 traq.
996 2651 1059 2703 p.
1093 2632 1237 2705 211)
1282 2632 1510 2726 patria
1518 2640 1633 2703 est,
1676 2632 2002 2707 ubicumque
2045 2640 2129 2725 es5t
2169 2632 2352 2687 bene'.
2438 2633 2735 2704 Arestopk.

368 2762 375 2767 .
441 2719 592 2773 plut.
631 2716 789 2773 1151
824 2712 1036 2790 πατρίς
1067 2711 1185 2773 ἐστι
1226 2703 1373 2773 πᾶσ
1426 2704 1510 2771 ἵν’
1557 2704 1632 2771 ἂν
1676 2708 1904 2797 πράττῃ
1936 2736 2022 2787 τις
2056 2734 2137 2772 ευ.
2313 2716 2394 2772 44
2439 2718 2742 2775 'Hartmus

440 2804 767 2859 Dmmensis
796 2804 867 2859 de
894 2802 1154 2877 formula
1185 2804 1459 2861 honestae
1491 2807 1643 2859 vetae
1675 2803 1801 2875 3,1
1840 2802 2005 2859 ‘Nihil
2037 2800 2178 2859 aliud
2213 2819 2279 2857 m.
2313 2803 2368 2859 iu
2399 2820 2440 2859 r.
2468 2803 2519 2858 h.
2541 2821 2596 2859 n.
2625 2806 2741 2859 ani-

440 2906 559 2943 mus
612 2906 804 2961 magna
856 2886 1202 2962 despiciens’.
1291 2890 1455 2945 Lact.
1507 2891 1637 2945 inst.
1684 2888 1753 2960 6,
1801 2889 1834 2943 1
1879 2888 2079 2963 ‘Magni
2121 2888 2280 2943 animi
2329 2895 2413 2943 est
2454 2888 2737 2961 despicere

442 2972 730 3029 mortalia'.
822 2974 955 3029 Seu.
1005 2980 1167 3045 epist.
1203 2974 1273 3047 8,
1306 2974 1343 3042 5
1390 2972 1661 3047 ‘Cogitate
1706 2973 1839 3028 nihil
1883 2981 2101 3047 praeter
2139 2974 2371 3029 animum
2415 2990 2536 3029 esse
2577 2975 2739 3029 mira-

443 3057 577 3129 bile,
621 3061 706 3113 cui
750 3075 945 3133 magno
988 3059 1063 3114 nil
1105 3076 1359 3132 magnum
1400 3058 1529 3114 est'.
1701 3060 1804 3113 nisi
1836 3076 2032 3132 magno
2064 3060 2238 3113 animo
2271 3056 2534 3132 despicias
2567 3062 2740 3133 vulqo

608 3141 689 3199 45
738 3143 871 3203 Seu.
906 3147 1065 3215 epist.
1103 3142 1214 3216 14,
1249 3144 1325 3199 17
1373 3143 1444 3198 ‘Is
1479 3145 1702 3199 maxime
1735 3144 1931 3199 divitiis
1964 3144 2196 3214 fruitur,
2230 3145 2322 3215 qui
2355 3144 2568 3199 minime
2601 3144 2738 3199 divi-

438 3227 527 3283 tiis
558 3227 811 3302 indiget’.
972 3227 1051 3285 46
1098 3228 1225 3285 Inc.
1255 3233 1425 3301 poeta
1458 3247 1556 3300 ap.
1591 3228 1724 3285 Sen.
1760 3232 1923 3302 epist.
1960 3228 2211 3305 108,11
2249 3226 2320 3283 Ἷε
2353 3229 2572 3284 minimo
2607 3236 2740 3304 eget

439 3314 713 3386 mortaliS,
756 3315 848 3387 qui
890 3315 1164 3370 minimum
1210 3312 1401 3387 cupit'.
1493 3313 1626 3370 Sen.
1663 3318 1828 3386 epist.
1865 3316 2007 3387 119,
2041 3315 2076 3371 6
2122 3313 2237 3387 ‘qui
2283 3314 2512 3369 multum
2545 3314 2736 3387 hahet,

437 3398 559 3472 plus
602 3400 793 3472 cupit'.
884 3400 1099 3457 Auson.
1149 3398 1268 3456 VII
1294 3399 1429 3471 Sap.
1470 3399 1539 3471 1,
1572 3398 1629 3456 3.
1664 3400 1832 3457 Caec.
1866 3401 2035 3457 Bate.
2071 3399 2226 3456 Mon.
2263 3398 2376 3472 12,
2414 3400 2451 3501 8
2491 3417 2588 3473 pq.
2625 3400 2734 3471 23,

440 3484 591 3541 Stob.
620 3487 751 3556 flor.
790 3484 896 3556 17,
931 3484 1008 3541 31
1042 3478 1369 3558 Σωκράτης
1412 3476 1736 3557 ἐρωτηθεὶς
1777 3472 1898 3541 ὑπό
1927 3502 2086 3553 τινος
2116 3481 2242 3551 πῶς
2272 3473 2349 3537 ἂν
2379 3475 2612 3559 γένοιτό
2644 3504 2738 3553 τις

438 3557 752 3637 πλούσιοςς
802 3564 882 3623 Εἰ
908 3572 1027 3625 τῶν
1070 3564 1428 3643 ἐπιθυμιῶν,
1464 3564 1609 3643 ἔφη,
1653 3564 1748 3642 εἴη
1779 3564 1961 3645 πένης
2133 3569 2214 3626 47
2263 3570 2395 3626 Sen.
2431 3572 2502 3627 de
2532 3570 2736 3683 benef,

438 3655 498 3727 3,
537 3653 639 3727 15,
669 3654 708 3709 4
741 3652 865 3723 ‘Qui
896 3654 985 3711 dat
1014 3654 1296 3729 beneficia,
1329 3655 1461 3711 deos
1493 3656 1772 3711 imitatur’.
1947 3656 2028 3713 48
2076 3654 2212 3711 Sen.
2247 3659 2410 3727 epist.
2445 3655 2504 3726 3,
2537 3656 2629 3711 2‘
2638 3659 2737 3730 qui

438 3748 626 3796 contra
669 3747 951 3815 praecepta
994 3702 1382 3815 Theophrasti,
1426 3757 1550 3796 cum
1591 3750 1935 3814 amaverunt,
1975 3740 2246 3812 iudicant,
2291 3748 2344 3796 et
2388 3756 2499 3796 non
2530 3752 2737 3814 amant,

440 3842 560 3880 cum
600 3825 1019 3882 iudicaverunt’.
1192 3825 1271 3883 49
1319 3828 1652 3898 Arzstippus
1683 3845 1778 3898 ap.
1816 3828 1968 3885 Stob.
1997 3828 2130 3899 flor.
2167 3784 2420 3896 84,1:9
2467 3818 2738 3899 μέμνησο

437 3897 529 3964 ότι
559 3907 665 3980 τῆς
694 3903 798 3980 μὲν
836 3900 1187 3985 διαστάσεως
1219 3898 1291 3966 σύ
1324 3900 1512 3985 ἤρξω,
1557 3908 1658 3983 τῆς
1691 3905 1754 3967 δὲ
1786 3901 2102 3979 διαλύσεως
2133 3900 2265 3986 ἔγω.
2439 3909 2521 3969 50
2563 3914 2737 3968 immo

439 4010 694 4051 succurre
728 3995 849 4051 GS:
889 3998 1052 4053 immo
1086 4015 1309 4055 occurre
1343 4000 1539 4071 vulyo,
1583 3998 1752 4055 Prov.
1790 3996 1908 4057 102
2082 3991 2378 4054 *cuiusvis
2411 3998 2501 4053 vel
2527 3998 2735 4053 cuivis:

440 4080 639 4137 cuiviae
673 4080 739 4152 G,
772 4082 922 4136 cuive
956 4082 1012 4152 S,
1047 4102 1151 4139 om.
1189 4086 1343 4140 editt.
1377 4090 1431 4140 et
1463 4083 1636 4141 Prov.
1800 4082 1877 4140 51
1925 4083 2141 4140 Auson.
2191 4081 2309 4139 VII
2335 4082 2474 4153 Sap.
2509 4081 2566 4153 2,
2601 4082 2654 4139 6.
2697 4084 2736 4140 7

610 4164 688 4223 52
734 4160 947 4242 peiora]
979 4170 1365 4240 perniciosiora
1398 4168 1451 4223 P
1638 4169 1798 4226 huius
1833 4210 1844 4224 .
1879 4209 1892 4223 .
1929 4209 1942 4223 .
1977 4169 2314 4225 occasionem
2347 4186 2449 4224 om.
2485 4169 2638 4225 editt.
2676 4177 2738 4225 et

440 4254 603 4308 codd.
639 4267 793 4308 rece.
826 4252 987 4307 huius
1018 4252 1141 4309 PS:
1186 4254 1337 4307 cuius
1372 4253 1417 4308 G
1591 4252 1672 4309 54
1717 4256 1894 4312 Deest
1923 4256 2072 4311 haec
2105 4257 2386 4310 sententia
2417 4256 2476 4310 in
2507 4256 2632 4311 cod.
2667 4255 2735 4326 S,

438 4341 497 4393 in
528 4355 711 4412 marq.
746 4337 920 4411 infer.
955 4355 1108 4394 man.
1143 4354 1259 4395 sec.
1294 4338 1597 4410 adscripta
1630 4347 1714 4395 est
1743 4344 1802 4397 in
1837 4340 1942 4397 Ga.
1988 4340 2242 4414 Agnosce
2271 4346 2411 4395 amat
2441 4339 2586 4412 quod
2618 4356 2734 4397 non

2860 4606 2862 4613 .
2849 4430 2868 4589 ‚Qu-‘’⁶‘'
