2917 4950
776 324 1088 373 PUBLILII
1132 325 1293 374 εγω
1336 287 1801 402 senmurum.
2350 311 2427 374 71

287 478 493 544 Bona
536 487 870 567 comparat
913 477 1245 566 praesidia
1287 476 1760 544 misericordia.

288 581 706 646 Beneficium
751 579 970 666 dignis
1015 579 1133 645 ubi
1179 580 1316 664 deS,
1365 601 1589 645 omnes
1636 578 1913 665 obliges·

286 682 538 747 Brevis
583 684 728 770 ipsa
772 683 935 765 vita,
983 683 1099 747 sed
1143 681 1332 746 malis
1376 681 1452 756 fit
1494 681 1773 766 longior.

160 792 242 850 80
284 785 637 849 Beneficia
680 783 912 850 donari
953 788 1068 849 aut
1111 783 1269 848 mali
1312 794 1427 849 aut
1473 781 1657 848 stulti
1704 793 1953 871 putant.

285 887 480 952 Bene
525 887 762 972 perdas
809 885 1142 972 gaudium,
1189 885 1306 950 ubi
1352 884 1539 951 dolor
1582 887 1830 972 pariter
1874 887 2064 972 perit.

284 990 482 1054 Bene
525 989 700 1053 vixit
743 989 821 1071 ie,
870 989 984 1075 qui
1026 988 1262 1075 potuit,
1309 1009 1456 1051 cum
1502 987 1714 1053 voluit
1756 990 1945 1053 mori.

287 1091 512 1178 (Bene
557 1089 786 1154 audire
829 1087 1106 1154 alterum
1149 1089 1615 1176 patrimonium
1661 1091 1813 1174 est.)
1901 1121 1909 1144 ι

286 1193 500 1278 (Boni
547 1202 646 1257 est
689 1193 842 1274 viri,
892 1193 1089 1256 etiam
1131 1193 1202 1256 in
1245 1201 1454 1256 morte
1502 1190 1757 1255 nullum
1802 1190 2085 1278 fallere.)

159 1300 236 1358 85
288 1293 636 1359 Consueta
679 1294 846 1358 vitia
889 1293 1181 1376 ferimus,
1227 1315 1359 1358 non
1403 1292 1881 1380 reprendimus.

289 1395 608 1460 Crudelis
655 1397 724 1459 in
768 1418 839 1460 re
881 1395 1164 1460 adversa
1208 1405 1306 1460 est
1351 1394 1741 1480 obiurgatio.

286 1498 598 1562 Cavendi
641 1496 822 1562 nulla
868 1506 965 1561 est
1010 1497 1410 1562 dimittenda
1455 1498 1731 1562 occasio.

288 1601 424 1665 Cui
471 1621 728 1686 semper
771 1599 1056 1684 dederis,
1103 1599 1221 1664 ubi
1263 1621 1489 1684 neges,
1534 1621 1763 1686 rapere
1807 1600 2113 1686 imperes.

287 1701 649 1767 Crudelem
692 1701 1019 1766 medicum
1063 1703 1505 1788 intemperans
1554 1722 1752 1786 aeger
1796 1701 1979 1766 facit.

159 1810 238 1867 90
285 1803 498 1869 Cuius
544 1813 818 1869 mortem
861 1805 1058 1868 amici
1102 1813 1475 1890 expectant,
1521 1806 1728 1868 vitam
1773 1804 1953 1867 cives
1998 1803 2297 1870 oderunt.

288 1905 464 1970 Cum
508 1906 771 1970 inimico
815 1927 1004 1970 nemo
1049 1906 1118 1969 in
1161 1908 1443 1990 gratiam
1487 1915 1629 1971 tuto
1673 1904 1870 1971 redit.

111 2121 392 2176 comens
439 2135 488 2174 v.
521 2116 772 2174 44—78
817 2118 1104 2175 PRBFV
1131 2117 1296 2190 (EC),
1335 2116 1585 2174 79—84
1616 2081 1751 2189 ms,
1786 2116 2343 2198 85—105(TEO)f

128 2252 306 2307 supra
334 2254 452 2294 ser.
478 2244 542 2293 tu
565 2253 682 2292 sec.
710 2255 781 2295 m.
807 2237 878 2308 B,
907 2245 991 2292 est
1016 2236 1298 2310 turpitudo
1328 2237 1375 2294 V
1486 2237 1751 2311 periclum
1774 2239 1830 2293 B
1849 2237 1893 2293 V
1910 2238 2095 2293 Bern.
2125 2237 2429 2312 periculum

129 2327 308 2379 ceteri
439 2321 673 2378 vindicat
703 2322 962 2379 PRBV:
1007 2321 1208 2379 indicat
1235 2322 1338 2380 FC
1365 2323 1653 2379 Erasmus
1805 2322 1881 2380 77
1931 2323 2035 2380 EC
2077 2324 2238 2381 Vina.
2274 2323 2425 2381 Bell.

129 2423 206 2477 sp.
240 2409 298 2464 d.
333 2407 396 2480 4,
431 2407 530 2464 67.
593 2406 681 2480 Cf.
727 2426 774 2464 v.
810 2406 932 2464 329
1066 2406 1144 2463 78
1191 2406 1286 2463 des
1318 2407 1493 2464 RFV
1518 2408 1823 2465 Pithoeus:
1868 2408 1961 2463 das
1992 2424 2121 2483 sup.
2156 2425 2274 2466 ser.
2308 2426 2425 2466 see.

129 2510 191 2547 m.
225 2493 286 2565 C,
323 2494 642 2559 Erasmu3‚
677 2492 742 2548 de
771 2494 826 2549 Ρ
995 2491 1208 2566 obliges
1238 2493 1473 2559 RBFV
1496 2494 1801 2551 Pithoeus,-
1846 2493 2067 2567 obleges
2101 2495 2171 2567 P,
2217 2495 2425 2571 obligas

30 2648 40 2655 .
131 2578 179 2630 Β
205 2594 325 2635 sec.
356 2597 426 2635 m.
461 2578 546 2650 B,
580 2580 865 2634 Erasmus
1039 2577 1115 2633 79
1165 2578 1254 2651 Cf.
1289 2596 1341 2634 v.
1374 2577 1497 2635 438
1670 2597 1719 2633 v.
1754 2586 1869 2651 est,
1918 2578 2013 2635 sed
2048 2580 2265 2636 Gruter
2276 2606 2296 2645 ,-
2340 2581 2421 2654 cf.

131 2662 336 2746 Horat.
382 2680 570 2721 carm.
609 2663 640 2717 1
663 2705 679 2732 ,
713 2660 824 2731 24,
861 2662 937 2719 19
1151 2662 1229 2719 81
1282 2661 1368 2736 Cf.
1415 2682 1463 2719 v.
1498 2661 1625 2720 440
1822 2663 2017 2737 perdas
2048 2666 2105 2720 F
2119 2666 2169 2720 V
2178 2690 2193 2719 .·
2238 2666 2423 2739 perdis

133 2747 345 2805 Gruter
518 2746 598 2804 82
643 2747 729 2803 Bis
761 2748 892 2803 vixit
918 2748 966 2803 is
1017 2748 1078 2819 V,
1111 2745 1250 2803 hene
1279 2748 1410 2803 vixit
1439 2749 1512 2818 F,
1556 2748 1599 2803 is
1630 2751 2012 2819 suppleverat
2042 2751 2157 2805 iam
2190 2750 2421 2806 Gruter.

138 2832 218 2904 Cf.
253 2852 304 2891 v.
341 2834 462 2891 616
639 2832 718 2889 83
768 2832 859 2905 Cf.
892 2851 942 2889 v.
979 2831 1077 2889 62.
1113 2830 1258 2890 217.
1291 2832 1436 2890 498.
1617 2833 1672 2889 Β.
1707 2832 1872 2907 vulgo
1904 2850 1947 2888 a.
1984 2840 2069 2889 est
2098 2850 2145 2889 a.
2179 2851 2235 2907 p.
2270 2834 2420 2891 Gru-

134 2923 231 2989 ter,
263 2918 462 2985 καλῶς
491 2904 739 2973 ἀκούειν
767 2913 994 2989 μᾶλλον
1023 2902 1062 2989 ἢ
1091 2916 1370 2972 πλουτεῖν
1400 2912 1540 2973 θέλε
1572 2918 1845 2975 Menand.
1878 2917 2124 2975 Monost.
2158 2918 2281 2977 285

133 3001 208 3057 84
252 3022 357 3061 om.
408 3004 457 3060 V
492 3001 788 3059 Martinus
829 3003 1154 3059 Dumiensis
1193 3006 1264 3059 de
1309 3004 1569 3077 formula
1624 3005 1901 3060 honestae
1944 3007 2097 3060 vitae
2137 3002 2424 3077 (Senecae

136 3104 254 3159 opp.
301 3092 391 3146 ed.
427 3088 492 3144 F.
528 3088 734 3143 Haase
777 3087 847 3160 3,
878 3085 1025 3159 470)
1069 3086 1139 3160 2,
1173 3088 1239 3144 6:
1284 3088 1338 3144 Β.
1385 3096 1471 3144 est
1512 3108 1561 3144 v.
1604 3105 1648 3145 e.
1693 3090 1749 3145 in
1790 3106 1859 3143 m.
1905 3089 2171 3145 neminem
2213 3088 2251 3144 f.

135 3172 206 3229 85
253 3174 648 3245 Hieronymus
677 3176 843 3245 epist.
865 3174 945 3229 ad
969 3174 1208 3229 Laetam
1236 3173 1354 3231 107
1389 3173 1428 3245 (1
1462 3173 1583 3231 679
1616 3176 1700 3230 ed.
1737 3172 2011 3247 Vallars.)
2062 3169 2219 3249 ‘Legi
2250 3192 2423 3249 quon-

136 3255 245 3313 dam
274 3260 328 3315 in
361 3256 562 3313 scholis
598 3274 764 3331 puer:
811 3258 988 3331 Aegre
1019 3257 1332 3331 reprendaS,
1369 3257 1517 3332 quod
1548 3260 1691 3314 sinas
1722 3260 2129 3315 consuescere.'
2206 3260 2293 3333 Cf.
2321 3279 2420 3335 pq.

139 3342 208 3397 14
379 3344 488 3397 vita
515 3343 692 3399 RFV
889 3342 1021 3411 ferri
1052 3344 1170 3399 FV
1365 3337 1505 3418 non]
1542 3344 1645 3399 nisi
1677 3345 1913 3416 Godofr.
1948 3361 2087 3401 nova
2121 3346 2423 3402 Bentleius

247 3427 624 3503 repr-eudimus
675 3428 722 3483 V
749 3449 760 3476 :
792 3426 1240 3501 reprehendimus
1273 3431 1456 3485 ceteri
1628 3428 1707 3485 86
1754 3438 1839 3484 est
1872 3430 1933 3500 C,
1964 3430 2251 3487 Erasmus
2280 3428 2417 3503 (non

138 3511 234 3581 B).·
278 3532 384 3571 om.
417 3513 484 3584 L,
517 3530 565 3568 c.
600 3519 685 3567 est
713 3514 766 3567 in
799 3528 858 3566 re
892 3529 935 3567 a.
969 3510 1310 3587 subiurgatio
1342 3511 1502 3569 seclia
1533 3512 1615 3569 vel
1647 3530 1801 3569 saeva
1838 3514 1888 3569 T
2040 3514 2119 3572 87
2168 3515 2270 3572 EC

137 3595 206 3654 88
249 3614 411 3671 saepe
457 3596 824 3669 Godofredus
995 3613 1164 3671 neges
1195 3598 1241 3653 L
1284 3600 1601 3655 Erasmus,-
1644 3615 1813 3672 negas
1843 3600 1933 3655 Pa
1978 3614 2099 3656 ree.
2142 3620 2213 3657 m.
2260 3618 2417 3657 corr.

138 3681 306 3739 Rern.
345 3681 406 3752 0,
438 3683 751 3739 Fabricius
964 3681 1182 3756 imperis
1212 3683 1339 3755 PR,
1371 3684 1601 3757 imperas
1633 3684 1817 3740 Bern.
1852 3683 1898 3740 0
1922 3686 2209 3741 Erasmus

137 3764 203 3823 89
247 3767 555 3823 mendicum
585 3768 644 3823 F
677 3768 786 3822 hoc
825 3770 985 3837 loca,
1028 3768 1132 3823 sed
1173 3769 1318 3825 idem
1361 3784 1567 3825 versus
1606 3770 1665 3824 in
1695 3770 1813 3825 FV
1842 3768 2009 3841 infra
2042 3774 2177 3825 ante
2209 3787 2259 3825 v.
2296 3770 2414 3828 107

135 3853 328 3909 iterum
365 3856 612 3924 leyitur:
651 3850 706 3907 C.
741 3850 1006 3907 medicum
1048 3853 1082 3906 i.
1117 3868 1163 3906 a.
1194 3853 1231 3909 1“.
1405 3854 1815 3927 intemperantia
1862 3854 2019 3910 Vinc.
2054 3854 2199 3909 Bell„
2240 3870 2329 3926 sp.
2362 3858 2415 3911 d.

139 3932 188 4007 4,
218 3936 338 3993 155
513 3952 677 4011 aeger
709 3936 836 3992 facit
868 3935 924 3990 F
939 3937 986 3993 V
1011 3939 1194 3993 altero
1223 3940 1383 4009 loca,
1416 3940 1734 3993 Erasmus:
1780 3937 1910 3993 facit
1935 3953 2105 4011 aeger
2132 3937 2253 4013 RC',
2284 3939 2413 3997 facit

139 4022 287 4078 PBF
330 4022 488 4079 Vinc.
521 4020 648 4077 sacti
696 4022 745 4078 V
761 4024 964 4092 priore
993 4024 1120 4079 loco
1295 4022 1376 4080 90
1420 4030 1710 4095 expectent
1739 4024 2105 4084 Panthaleon
2256 4026 2417 4083 vitam

141 4105 186 4158 B
210 4124 328 4165 rec.
359 4125 430 4162 m.
464 4110 522 4163 in
555 4122 738 4180 marq.
893 4106 1040 4161 cives
1073 4106 1249 4163 BFV
1271 4108 1344 4165 C.-
1375 4108 1487 4163 ciu'
1520 4108 1626 4179 Pb,
1659 4110 1813 4163 cuius
1845 4105 1954 4181 Pa,
1986 4110 2120 4165 civis
2150 4110 2306 4167 cuius
2338 4111 2415 4182 R,

141 4208 228 4247 om.
270 4192 558 4248 Erasmus
730 4190 964 4247 oderunt
992 4192 1069 4247 L.-
1116 4192 1343 4248 oderant
1384 4192 1779 4265 Panthaleon,
1825 4193 1989 4251 odere
2035 4196 2156 4251 eod.
2199 4194 2411 4253 Panth.

141 4275 342 4333 oderint
378 4276 559 4333 Bothe
569 4300 588 4339 ,·
631 4294 679 4333 c.
713 4293 786 4333 m.
819 4283 1081 4348 expetunt
1112 4279 1286 4350 cives,
1334 4296 1379 4332 v.
1415 4277 1639 4334 oderant
1654 4279 1941 4345 &Pithoeus
1968 4280 2225 4335 iambica.
2320 4280 2409 4352 Cf.

135 4376 216 4432 1³9·
249 4360 326 4416 56
502 4360 576 4416 91
625 4378 746 4418 cum
777 4361 1050 4417 inimicum
1081 4372 1240 4418 nemo
1272 4364 1499 4437 gratiam
1531 4364 1641 4436 Pa,
1672 4381 1793 4419 cum
1824 4364 1911 4420 alii
1942 4364 2219 4420 inimicum
2250 4380 2409 4421 nemo
