2917 4950
519 276 605 340 40
1397 291 1944 340 PROLEGOMENA.

521 468 691 512 saec.
737 446 865 510 IX.
916 456 978 510 et
1009 447 1097 510 X.
1144 446 1651 534 descripserunt,
1696 469 1824 510 non
1869 446 2077 531 magis
2122 446 2220 509 rei
2262 446 2574 510 metricae
2617 446 2792 530 periti

407 557 428 569 ‘
522 557 740 613 essent
785 570 979 635 quam
1023 547 1154 631 ille,
1203 549 1316 634 qui
1360 548 1606 636 primus
1650 547 2170 635 supplementum
2202 547 2673 612 sententiarum
2700 569 2792 632 pe-

523 651 842 714 destrium
887 648 1099 715 codici
1144 672 1259 716 suo
1305 648 1663 714 inculcavit
1708 660 1770 715 et
1814 650 2131 715 maiorum
2164 649 2649 714 enuntiatorum
2678 670 2791 711 am-

522 752 700 817 bitus
757 752 852 815 ita
907 744 1321 838 dispertiisse
1378 753 1536 817 satis
1593 751 1853 834 habuit,
1916 760 1988 817 ut
2046 751 2339 837 singulos
2397 750 2537 814 fere
2584 771 2794 816 versus

525 852 882 940 explerent,
931 853 1174 918 factum
1219 862 1338 936 est,
1384 863 1458 918 ut
1504 853 1709 918 verba
1752 863 1983 940 poetae
2026 875 2155 919 non
2202 853 2410 920 solum
2452 853 2795 916 notissimis

525 954 860 1021 socordiae
899 955 1256 1041 generibus
1302 954 1741 1038 foedarentur,
1790 956 1905 1019 sed
1952 956 2147 1021 etiam
2177 956 2285 1020 hic
2318 953 2455 1018 illic
2484 955 2624 1019 suis
2656 953 2796 1018 locis

523 1067 958 1122 moverentur.
1048 1058 1352 1122 Ceterum
1421 1057 1508 1122 ad
1570 1059 2049 1124 restituendum
2124 1059 2475 1147 pristinum
2538 1057 2796 1121 nitorem

522 1161 790 1224 minime
847 1169 982 1224 tam
1037 1159 1317 1224 fortibus
1374 1161 1682 1226 remediis
1738 1183 1899 1248 opus
1958 1163 2081 1226 erit
2126 1182 2319 1248 quam
2363 1161 2432 1224 in
2477 1159 2695 1226 Plauti
2736 1179 2799 1220 ac

522 1262 818 1328 Terentii
862 1261 1126 1326 fabulis.

696 1363 827 1428 Sed
882 1372 955 1427 ut
1012 1362 1438 1428 concedamus
1496 1386 1605 1428 eas
1660 1361 2016 1430 sententias
2060 1364 2297 1429 iambis
2343 1363 2451 1427 vel
2492 1363 2798 1427 trochaeis

522 1465 870 1530 adstrictas
919 1487 1080 1548 esse,
1128 1487 1300 1531 nova
1346 1468 1641 1532 exoritur
1684 1469 1999 1553 quaestio,
2048 1490 2174 1554 quo
2206 1467 2345 1531 iure
2377 1464 2666 1530 Publilio
2706 1486 2795 1526 eas

523 1567 936 1648 addicamUS‚
986 1590 1132 1632 cum
1177 1577 1405 1655 poetae
1449 1591 1687 1633 nomen
1731 1591 1814 1632 ne
1858 1592 2058 1634 unum
2102 1568 2364 1656 quidem
2411 1567 2703 1633 codicem
2741 1567 2798 1628 in

523 1671 737 1734 fronte
781 1670 1110 1757 praeferre
1154 1672 1284 1734 iam
1329 1693 1529 1756 supra
1572 1671 2032 1737 docuerimus?
2080 1671 2150 1736 Si
2195 1672 2263 1734 in
2292 1693 2492 1734 unum
2524 1668 2793 1753 colligaS,

526 1795 691 1859 quae
737 1771 818 1850 de
848 1771 1120 1836 Publilii
1167 1774 1511 1838 sententiis
1544 1773 1935 1840 Senecarum
1978 1773 2256 1837 rhetoris
2300 1794 2379 1836 ac
2420 1759 2794 1858 philosophi,

525 1872 728 1938 Gellii
774 1883 838 1937 et
881 1874 1202 1938 Macrobii
1246 1876 1641 1940 testimoniis
1686 1897 1802 1962 pro
1848 1874 2205 1962 exploratis
2250 1873 2479 1938 haberi
2523 1881 2792 1962 possunt,

525 1998 599 2041 eo
643 1975 921 2038 redeunt
965 1977 1201 2059 omnia,
1247 1986 1321 2040 ut
1365 1985 1617 2042 constet
1662 1999 1771 2044 eas
1816 1976 2021 2041 fuisse
2050 1975 2327 2061 singulis
2358 1971 2662 2053 versibus
2692 1974 2793 2036 cir-

527 2079 975 2164 cumscriptas,
1022 2076 1365 2165 plerasque
1410 2079 1685 2143 senariis
1730 2078 2031 2143 iambicis
2078 2079 2496 2165 compositaS,
2542 2073 2790 2142 nonnul-

525 2179 622 2246 las
687 2181 1084 2244 tetrametris
1139 2181 1522 2264 trochaicis,
1592 2180 1875 2268 denique
1933 2182 2328 2268 pertinuisse
2392 2179 2478 2243 ad
2532 2179 2792 2266 philoso-

523 2281 745 2367 phiam
800 2281 1109 2344 moralem
1154 2291 1217 2346 et
1259 2283 1343 2346 ad
1389 2305 1796 2348 communem
1840 2305 2210 2347 sermonum
2253 2306 2443 2348 usum
2489 2303 2793 2348 commen-

527 2384 896 2447 datissimas
962 2385 1189 2448 fuisse.
1279 2384 1466 2465 Quae
1523 2385 1740 2450 omnia
1802 2408 1933 2451 non
1988 2384 2197 2449 solum
2253 2385 2525 2449 mirifice
2585 2402 2793 2448 conve-

523 2488 713 2550 niunt
758 2508 905 2550 cum
950 2487 1290 2551 sententiis
1335 2490 1599 2572 nostris,
1648 2488 1764 2552 sed
1810 2490 2005 2564 etiam
2050 2510 2279 2553 versus
2326 2490 2382 2551 1.
2426 2488 2488 2551 2.
2532 2488 2639 2556 55.
2675 2484 2793 2549 104.

531 2590 674 2653 176.
723 2589 864 2653 178.
909 2588 1056 2653 221.
1100 2588 1248 2653 234.
1293 2591 1440 2654 236.
1485 2591 1633 2655 245.
1678 2591 1823 2655 250.
1871 2590 2019 2655 286.
2064 2590 2211 2654 3¹62.
2256 2590 2389 2657 383,
2412 2589 2615 2653 iidem
2646 2595 2795 2664 sunt,

528 2714 688 2779 quos
733 2714 772 2755 a
818 2691 1066 2758 Seneca
1111 2701 1175 2755 et
1219 2690 1436 2756 Gellio
1481 2691 1768 2757 Publilio
1812 2694 2014 2758 tribui
2064 2691 2371 2759 vidimus,

698 2795 1039 2882 Superest,
1099 2803 1172 2858 ut
1217 2794 1605 2881 quomodo
1649 2794 1995 2860 Publilii
2049 2815 2328 2858 nomen
2370 2791 2795 2873 intercide-

527 2898 637 2960 rit
681 2919 771 2960 ac
816 2897 1175 2974 Senecae
1218 2898 1300 2960 in
1346 2896 1518 2959 eius
1564 2895 1836 2969 locum,
1875 2897 2402 2979 successerit,
2449 2898 2673 2983 paucis
2704 2913 2794 2955 ex-

527 2988 897 3085 ponamuss
956 2998 1183 3061 Potest
1247 2995 1317 3061 id
1387 3019 1543 3061 casu
1607 2997 1957 3079 accidisse,
2024 2999 2304 3063 rescisso
2370 3000 2581 3085 primo
2638 2994 2795 3069 folio,

529 3122 724 3186 quam
768 3100 1205 3185 suspicionem
1250 3099 1463 3165 codex
1507 3098 1639 3181 ille,
1686 3100 1861 3163 unde
1886 3100 2265 3165 Turicensis
2299 3100 2665 3186 descriptus
2696 3103 2797 3173 est,

525 3199 795 3266 mutilus
838 3201 1048 3283 initio,
1096 3202 1477 3265 confirmare
1508 3200 1799 3286 videtur3
1847 3212 2062 3289 potest
2106 3203 2192 3266 ad
2225 3224 2373 3265 eum
2403 3201 2797 3267 librariorum

528 3324 774 3367 morem
829 3303 1092 3387 referri,
1149 3312 1252 3385 ut,
1312 3325 1477 3390 quae
1532 3302 1767 3371 litteris
1825 3304 2178 3369 maioribus
2236 3304 2568 3369 exaranda
2614 3308 2796 3377 erant,

529 3404 735 3469 veluti
779 3405 1026 3488 titulos,
1073 3407 1310 3493 pictori
1352 3414 1579 3493 postea
1609 3406 1934 3492 explenda
1962 3406 2442 3494 relinquerent3
2489 3412 2703 3493 potest
2741 3396 2797 3461 id

529 3509 812 3595 denique
856 3507 1020 3592 fingi
1063 3506 1203 3573 ludi
1246 3509 1707 3593 magistrorum
1752 3507 1945 3596 culpa
1976 3520 2039 3574 et
2076 3508 2545 3596 discipulorum
2574 3507 2798 3576 factum

530 3634 702 3693 esse,
749 3620 824 3675 ut
869 3610 1023 3673 dum
1069 3610 1139 3673 in
1183 3611 1524 3674 sententiis
1569 3610 2113 3696 interpretandis,
2140 3610 2635 3692 describendis,
2682 3602 2796 3669 edi-

531 3712 788 3777 scendis
846 3712 1202 3795 desudant,
1261 3734 1489 3776 versus
1536 3713 1713 3800 ipses
1756 3714 1967 3798 magis
2016 3721 2318 3777 curarent
2361 3707 2554 3798 quam
2600 3715 2797 3776 aucto-

530 3820 667 3878 rem
696 3814 962 3879 aliunde
993 3837 1224 3903 parum
1252 3824 1499 3879 notum.
1575 3814 1708 3881 Sed
1748 3814 2003 3879 facilior
2036 3814 2386 3901 explicatio
2417 3815 2486 3877 in
2517 3817 2797 3902 promptu
2868 3874 2877 3885 ,

532 3927 650 3981 est.
725 3917 891 3981 Cum
936 3919 1109 3981 enim
1153 3919 1473 4004 posterior
1519 3918 1985 3981 sententiarum
2015 3939 2165 4003 pars
2196 3918 2578 3998 interiisset,
2624 3915 2797 3979 aliae-

533 4040 657 4106 que
703 4015 800 4082 ex”
829 4017 1000 4083 libro
1045 4018 1128 4083 de
1169 4012 1459 4085 moribus
1504 4021 1575 4084 in
1620 4042 1840 4083 earum
1883 4010 2100 4084 locum
2145 4029 2361 4084 essent
2402 4018 2796 4089 substitutae,

533 4143 726 4208 quem
781 4120 1022 4186 librum
1080 4121 1212 4183 iam
1267 4132 1454 4185 sexto
1501 4131 1647 4209 post
1693 4120 2029 4186 Christum
2072 4120 2329 4186 saeculo
2375 4119 2662 4186 Senecae
2702 4138 2795 4181 no-

533 4225 709 4288 mine
775 4222 964 4287 citari
1032 4221 1254 4286 docuit
1309 4222 1629 4304 Haasius,
1693 4225 1763 4287 in
1818 4223 2091 4310 praefat.
2148 4222 2233 4286 ad
2292 4222 2440 4287 Sen.
2503 4222 2633 4285 vol.
2690 4212 2795 4285 III·

533 4348 643 4412 pg.
690 4324 860 4407 XX,
918 4322 1208 4412 proclive
1267 4345 1420 4387 sane
1474 4324 1602 4388 fuit
1652 4324 1877 4389 relicto
1923 4322 2209 4389 Publilio
2253 4324 2338 4387 ad
2384 4345 2525 4386 eam
2571 4306 2793 4409 opinio-
