2917 4950
784 268 1100 316 Pussmml
1146 269 1302 320 st
1349 271 1811 322 SENTENTIAE.
2280 303 2283 305 -
2326 263 2443 326 101

140 438 223 476 Pro
196 447 271 480 οι
328 419 610 500 Quidam
652 423 900 487 inimici
938 443 1164 505 96666663
1206 411 1355 489 366666
1396 428 1591 490 66666666
1634 427 1804 494 leves.

320 522 718 603 Quietissime
780 526 1056 589 viverent
1115 526 1423 606 16666666663,
1490 529 1550 592 36
1613 529 1735 594 duo
1800 531 1990 595 verba
2047 533 2435 599 6616666666666.
2430 556 2444 570 ·

1374 649 1580 694 666666666
1623 634 1680 694 66
1721 636 1916 696 66666666.

317 726 449 807 Qui
479 733 925 810 paupertatem
969 730 1157 809 timet,
1205 751 1398 812 quam
1442 733 1704 797 timidus
1746 735 1872 798 est!
1966 811 1971 816 Ι

179 833 259 892 75
312 828 504 908 Quod
544 832 805 896 66666666666
848 850 974 896 6336
1014 833 1127 910 6663,
1173 835 1415 898 6666666666
1459 835 1738 914 66666663,-

308 933 472 1012 quia
526 953 657 997 66666
696 935 936 1016 16666663
988 933 1073 998 ab
1126 935 1254 999 66666
1310 936 1550 1018 66669666
1603 937 1952 1018 silentium,
2019 940 2077 1002 36
2135 940 2250 1004 tibi
2306 942 2439 1023 61636

1368 1057 1499 1102 66666
1529 1044 1842 1121 praestas.

313 1134 446 1214 Qui
496 1137 694 1201 servis
748 1095 1018 1202 erudelis
1072 1143 1185 1217 636,
1248 1141 1550 1204 ostendit
1566 1142 1638 1205 666
1683 1142 1844 1207 alios
1886 1163 2016 1208 66666
2056 1143 2439 1210 voluntatem

7 1191 10 1310 1
1362 1242 1487 1306 sibi
1530 1243 1745 1322 deesse,
1791 1245 1901 1308 sed
1928 1249 2312 1326 potestatem.

311 1337 442 1418 Qui
485 1339 557 1404 ob
600 1339 713 1404 hoe
754 1341 1069 1405 iniuriam
1108 1342 1297 1421 facit,
1345 1344 1502 1424 qu'ia
1533 1348 1762 1425 potest,
1813 1347 1928 1410 cito
1974 1347 2236 1426 666366666,
2286 1349 2442 1428 quia

1355 1445 1520 1525 feeit.

310 1541 485 1622 Quid
525 1543 770 1608 dulcius
814 1565 1007 1625 quam
1050 1545 1292 1624 habere,
1340 1567 1480 1610 666666
1526 1568 1646 1627 quo
1690 1550 1906 1612 ο666666α
1951 1551 2220 1629 α66616663,·

176 1649 257 1706 80
302 1665 491 1724 quem
531 1646 622 1708 366
665 1646 900 1725 66666663,
945 1651 1017 1710 666
1059 1651 1149 1726 66,·
1194 1650 1296 1712 6666
1337 1649 1427 1712 366
1472 1648 1756 1730 loquaris
1797 1653 1985 1731 quasi
2027 1656 2241 1716 66666666.

7 1759 12 1872 Ι
311 1745 555 1825 Quanti
608 1747 761 1813 tales
816 1749 1051 1812 amieos
1104 1748 1331 1814 habere
1382 1749 1739 1829 voluerunt,
1807 1756 1864 1816 66
1913 1754 2040 1836 61636
2095 1753 2248 1818 tales
2303 1774 2429 1818 esse

1228 1858 1241 1868 ‘
1358 1871 1489 1916 66666
1519 1857 1804 1934 1663366666.

136 1954 249 2012 501
304 1947 631 2028 Quamvis
676 1971 807 2013 non
850 1961 1120 2033 rectum,
1168 1951 1383 2038 quoad
1427 1953 1632 2037 iuvat,
1680 1964 1929 2019 rectum
1973 1966 2196 2042 putes,

306 2049 656 2137 Quidquid
702 2074 935 2117 nocere
981 2052 1236 2136 didicit,
1282 2055 1580 2119 meminit
1626 2055 1771 2120 c‘um
1816 2066 2054 2144 potest.

305 2151 471 2240 [Qui
514 2154 746 2218 metuit
790 2152 1247 2237 calamitatem,
1292 2177 1439 2220 raro
1484 2156 1767 2244 aecipit.]

304 2254 527 2336 Quam
570 2256 878 2320 miserum
925 2265 1025 2321 est
1068 2266 1342 2321 mortem
1388 2279 1624 2348 cupere
1666 2280 1811 2323 nec
1831 2233 2022 2347 posse
2067 2261 2300 2326 emori!

134 2360 247 2420 505
298 2356 439 2437 Qui
482 2379 599 2443 pro
644 2359 989 2422 innocente
1033 2355 1217 2438 dicit,
1263 2361 1424 2423 satis
1473 2370 1573 2425 est
1618 2359 1948 2448 eloquens.

6 2480 24 2749 ι
300 2456 441 2539 Qui
476 2480 632 2528 eum
676 2457 854 2526 dolet
896 2459 1253 2544 blanditur,
1300 2474 1449 2549 post
1492 2470 1748 2550 tempus
1795 2465 1988 2551 sapit.

7 2754 23 2852 ζ
139 2789 409 2834 comens
453 2774 709 2831 Proverh.
742 2774 1097 2849 PRFOEC),
1144 2794 1193 2831 v.
1229 2774 1594 2833 501--5682
1627 2770 1812 2848 ΜΤ)

306 2944 385 3002 72
432 2940 612 3021 amici]
647 2945 848 3002 inimici
877 2946 934 3001 F
1048 2946 1125 3003 73
1173 2946 1509 3019 quietissime
1541 2944 1642 3000 FC
1676 2946 1836 3003 Vino.
1873 2946 1946 3001 B.
1979 2961 2066 3017 sp.
2099 2948 2154 3002 61.
2188 2948 2250 3018 4,
2286 2947 2426 3005 135.

140 3029 203 3100 5,
236 3031 349 3087 77.-
392 3030 711 3104 quietissimi
742 3030 883 3102 PR,
932 3031 1318 3104 quietissimam
1364 3032 1522 3086 vitam
1565 3039 1790 3106 agerent
1819 3030 1884 3087 M
1917 3031 1995 3089 98
2172 3032 2427 3089 tolleren-

140 3120 221 3169 tur
260 3117 370 3173 PR
439 3115 597 3171 76666.
646 3115 738 3171 M.-
801 3114 1056 3172 tollerent
1098 3115 1197 3173 FC
1416 3114 1495 3172 74
1544 3114 1760 3171 timidus
1807 3116 1864 3171 F
1927 3116 2079 3173 Vino.
2138 3119 2209 3172 B.
2265 3134 2424 3190 spec.

139 3201 275 3257 doct.
312 3200 381 3272 5,
418 3199 842 3257 772'timendus
885 3198 1063 3271 PRC,
1110 3201 1178 3257 M
1205 3201 1283 3257 99
1473 3201 1549 3259 76
1599 3201 1722 3274 quia
1763 3218 1875 3256 non
1919 3202 2104 3258 PRF.-
2149 3203 2423 3275 quomodo

140 3285 246 3357 EC,
280 3286 348 3341 M
379 3286 453 3343 16
654 3286 771 3358 ipse
801 3285 984 3341 PRC:
1027 3287 1131 3359 ipsi
1160 3287 1273 3347 FE'
1316 3288 1476 3343 Vino.
1508 3286 1582 3342 B.
1615 3302 1704 3356 sp.
1736 3288 1789 3342 61.
1822 3284 1884 3356 4,
1918 3285 2018 3357 92,
2051 3287 2120 3341 M
2148 3287 2224 3344 16
2363 3340 2382 3363 ‚

142 3369 211 3425 77
256 3372 427 3426 servis
458 3368 634 3426 LEO.-
678 3371 734 3425 in
775 3386 963 3426 servos
995 3371 1065 3427 M
1095 3372 1245 3441 131,
1288 3373 1342 3427 in
1385 3388 1542 3427 servo
1586 3372 1708 3427 6661.
1742 3371 1933 3427 Paris,
1967 3370 2134 3428 4841-
2305 3368 2341 3405 ’¹‘
2371 3373 2425 3429 in

140 3453 291 3511 alios:
321 3456 379 3511 in
409 3454 523 3510 aliis
556 3454 602 3509 L
652 3455 805 3511 Vino.
841 3456 913 3510 B.
949 3472 1035 3527 sp.
1070 3458 1123 3512 61.
1159 3457 1219 3527 5,
1256 3457 1365 3529 17,
1410 3456 1667 3532 adversus
1695 3456 1828 3511 alios
1859 3456 1944 3527 M,
1976 3456 2233 3513 adversus
2263 3457 2424 3513 alium

6 3562 11 3619 ς
142 3542 254 3597 6661.
284 3541 429 3597 Par.
464 3538 628 3597 4841
849 3539 926 3595 78
973 3540 1181 3597 desinet
1217 3541 1457 3613 Godnfr.
1661 3542 1782 3614 quia
1813 3536 1968 3617 fecit]
2013 3545 2112 3599 vix
2141 3546 2426 3615 inteyrum

142 3633 233 3681 esc.
422 3625 499 3681 79
548 3624 757 3679 dulcius
792 3625 1002 3682 PREC
1044 3627 1201 3684 Vinc.
1238 3628 1307 3698 5,
1340 3625 1454 3696 83,
1487 3623 1552 3679 M
1582 3624 1689 3682 20:
1737 3624 1958 3681 stultius
1990 3627 2047 3682 F
2227 3625 2424 3681 habere

6 3620 19 4099 ι
140 3711 354 3765 amicum
386 3726 508 3765 cum
537 3709 604 3765 M
774 3710 970 3765 audeas
1000 3710 1171 3767 PRE
1211 3710 1387 3767 Vina.-
1418 3710 1599 3766 audias
1630 3710 1703 3780 F,
1740 3710 1890 3784 loqui
1921 3704 2116 3765 audeas
2150 3710 2194 3767 C
2220 3714 2422 3767 omisso

143 3810 186 3849 v.
224 3795 337 3865 80,
394 3794 592 3851 audeas
636 3803 696 3850 ut
740 3804 915 3851 tecum
959 3798 1135 3852 omnia
1174 3798 1255 3853 sie
1292 3796 1462 3869 loqui*
1486 3793 1553 3852 M
1749 3795 1831 3852 80
1877 3811 2036 3868 quem
2071 3836 2084 3850 .
2119 3837 2131 3849 .
2170 3803 2221 3851 te
2261 3796 2429 3851 PRF
2547 3798 2552 3801 ’

155 3878 323 3936 Vino..-
364 3880 451 3935 cui
484 3922 497 3935 .
535 3922 547 3935 .
583 3878 680 3935 tibi
710 3880 769 3935 Ε
962 3880 1039 3937 81
1089 3890 1143 3937 et
1174 3882 1339 3937 PRE
1384 3882 1566 3938 Vino„-
1596 3878 1730 3948 Qum
1762 3881 1819 3936 F
2007 3878 2125 3937 501
2175 3874 2210 3913 '¹‘
2244 3880 2421 3954 quoad

139 3962 273 4021 iuvat
314 3966 403 4022 vel
445 3980 553 4037 quo
602 3964 665 4019 ad
707 3966 882 4019 iuvat:
930 3966 1076 4039 quod
1109 3963 1432 4035 adiuvat'F,
1477 3964 1626 4039 quod
1655 3967 1801 4019 iuvat
1834 3964 2067 4021 Gruter.
2158 3966 2420 4023 Ceterum

14 4096 20 4109 ,
141 4046 273 4105 iuvat
302 4052 473 4105 nolim
504 4052 889 4120 interpretari
918 4050 1276 4125 ‘voluptatem
1310 4049 1495 4124 parit',
1529 4058 1590 4107 uc
1621 4070 1670 4107 v.
1704 4048 1846 4107 344.
1881 4048 2038 4123 514,
2070 4053 2174 4107 3661
2194 4054 2422 4123 potius.-

141 4132 189 4187 in
228 4141 488 4212 quantum
528 4134 757 4208 prodest
800 4137 886 4191 vel
927 4136 1181 4191 auxilium
1223 4136 1414 4192 adfert.
1659 4135 1781 4195 503
1827 4137 1998 4193 rarius
2041 4135 2280 4210 Inqolst.
2321 4136 2420 4193 eal.

144 4225 265 4316 met..
291 4220 350 4359 i}
380 4236 502 4275 raro
535 4220 801 4276 1966166663.
894 4219 981 4293 Cf.
1016 4240 1062 4278 v.
1099 4221 1240 4281 607.
1273 4220 1417 4279 499.
1448 4219 1591 4278 542.
1812 4220 1935 4280 504
1981 4222 2148 4277 emori
2178 4222 2418 4295 16696136.

146 4316 269 4359 mort
