2917 4950
507 281 592 346 54
1381 295 1928 345 PROLEGOMENA.

516 451 850 517 vocabulis
905 455 1011 517 via)
1068 461 1132 516 et
1175 453 1238 516 vi
1279 449 1448 514 male
1503 452 1939 538 transpositis.
2028 451 2111 515 V.
2158 452 2286 518 380
2329 454 2791 542 acquieverunt

509 553 797 618 editores
841 555 910 644 in
955 553 1274 618 vilissima
1319 553 1586 617 editoris
1633 553 2182 638 Ingolstadiensis
2228 555 2622 620 coniectura:

919 695 1060 754 Non
1104 698 1210 754 cito
1253 698 1434 754 ruina
1467 699 1622 769 perit
1664 697 1734 763 ie,
1779 698 1881 768 qui
1921 699 2138 756 rimam
2179 698 2353 764 timet,

513 865 661 908 cum
717 845 1034 907 bonorum
1096 841 1394 906 codicum
1439 845 1763 929 scriptura
1798 845 1970 925 perit
2010 845 2147 922 uir,
2204 843 2487 907 Parisini
2530 842 2794 905 alterius

507 949 781 1029 peritur,
827 945 1203 1010 Turicensis
1249 947 1657 1028 opprimitur,
1714 945 1986 1008 verbum
2032 947 2371 1033 passivum
2413 944 2616 1008 latere
2660 943 2796 1007 luce

516 1047 752 1113 clarius
811 1047 1132 1112 ostendat.
1221 1047 1300 1110 In
1363 1069 1436 1110 eo
1485 1039 1786 1131 eligendo
1842 1070 2232 1135 quamquam
2287 1047 2536 1132 ambigi
2591 1055 2800 1134 potest

515 1160 580 1214 et
633 1149 718 1214 ad
778 1150 1071 1213 codicum
1131 1149 1417 1232 vestigia-
1470 1149 1769 1234 proxime
1824 1149 2134 1214 accedere
2192 1149 2457 1213 videtur
2488 1151 2798 1233 premitur

515 1252 623 1317 vel
668 1255 911 1335 teritur,
965 1249 1467 1338 praeferendum
1513 1259 1731 1314 tamen
1776 1253 2095 1335 optentur.

684 1354 773 1418 Et
805 1354 1112 1440 quoniam
1143 1354 1210 1415 in
1241 1352 1342 1416 his
1375 1352 1907 1440 compendiorum
1934 1355 2231 1418 minutiis
2265 1375 2623 1436 versamur,
2656 1375 2799 1440 pau-

517 1481 593 1521 ca
638 1455 719 1519 de
765 1457 1143 1543 pronomine
1189 1453 1462 1518 relativo
1508 1465 1572 1518 et
1616 1457 2091 1540 interrogativo
2136 1455 2472 1521 addemus,
2543 1454 2803 1521 Scilicet

517 1562 587 1624 in
633 1559 860 1628 codiee
894 1557 958 1621 R
987 1587 1026 1637 4
1069 1556 1261 1621 modo
1307 1579 1426 1639 quo
1458 1557 1806 1643 signifieat,
1850 1558 2043 1624 modo
2088 1561 2286 1640 φᾶσά,-
2328 1560 2400 1622 in
2428 1557 2500 1621 F
2534 1580 2692 1623 vero
2731 1562 2809 1639 qd

517 1671 889 1726 constanter
932 1661 1217 1748 positurn
1262 1670 1361 1724 est
1405 1682 1521 1746 pro
1569 1663 1747 1743 quod,
1792 1662 1883 1741 qd
1923 1683 2040 1747 pro
2084 1663 2271 1742 quid:
2316 1661 2386 1723 id
2433 1682 2580 1724 eum
2624 1663 2801 1745 igno-

516 1774 690 1829 raret
748 1763 957 1827 editor
1001 1761 1583 1847 IngolstadiensiS,
1640 1761 1846 1826 falsae
1901 1761 2168 1848 aliquod
2212 1762 2521 1826 lectiones
2567 1762 2654 1826 ab
2700 1760 2801 1824 illo

399 1895 416 1902 ·
517 1875 816 1952 receptae
860 1886 1067 1951 usque
1111 1864 1197 1927 ad
1243 1865 1415 1928 hunc
1453 1864 1628 1927 diem
1673 1874 2072 1951 propagatae
2119 1873 2303 1928 sunt.·
2366 1863 2535 1928 Nam
2583 1886 2649 1927 v.
2685 1862 2816 1928 348·

925 2007 1105 2081 Maqe
1148 2008 1317 2075 valet,
1365 2009 1467 2079 qui
1510 2009 1688 2065 nese-it
1733 2009 2035 2066 calamitas
2079 2007 2220 2080 quid
2261 2007 2407 2065 valet

519 2177 731 2243 neque
775 2152 1195 2217 Tzschukkii
1249 2155 1623 2218 coniectura
1675 2155 1884 2218 valeat
1923 2162 2188 2241 propter
2230 2162 2509 2217 metrum
2554 2151 2804 2216 admitti

522 2266 760 2344 potest,
809 2266 872 2320 et
914 2254 1082 2319 bene
1128 2277 1197 2318 se
1241 2255 1487 2319 habent
1531 2255 1734 2320 verba
1779 2257 1849 2320 in
1877 2255 1950 2318 F
1986 2257 2248 2342 scripta,
2299 2257 2466 2337 quod
2506 2257 2673 2320 valet
2714 2276 2803 2318 ea-

523 2362 794 2437 lamitas,
842 2358 1034 2422 modo
1081 2366 1469 2444 transponas
1516 2359 1682 2440 quod
1721 2359 2053 2423 calamitas
2094 2359 2272 2422 valet.
2363 2357 2533 2421 Item
2578 2380 2646 2421 v.
2690 2356 2806 2420 465

869 2502 1202 2575 Prospieere
1249 2504 1313 2559 in
1345 2519 1511 2590 paee·
1536 2505 1770 2573 oportet,
1817 2502 1959 2573 quid
2004 2502 2211 2559 bellum
2256 2503 2410 2560 iuvet

524 2651 692 2731 quod
731 2647 973 2733 legitur
1016 2650 1087 2711 in
1131 2648 1214 2730 F,
1261 2657 1459 2729 recte,
1507 2648 1765 2733 opinor,
1812 2648 1905 2712 ita
1946 2656 2021 2711 ut
2063 2670 2144 2709 ne
2185 2647 2645 2711 emendatione
2686 2647 2807 2732 qui·

525 2752 673 2816 dem
720 2774 881 2838 opus
939 2754 1107 2815 sit‘a
1151 2750 1340 2815 nobis
1386 2747 1543 2814 olim
1589 2750 1991 2833 excogitata,
2051 2749 2250 2836 equod
2294 2748 2540 2814 bellum
2586 2751 2804 2815 iubet’.

524 2854 770 2919 Misere
816 2853 1096 2939 denique
1141 2852 1416 2916 detorsit
1459 2850 1634 2914 idem
1679 2850 1791 2914 ille
1836 2851 2048 2915 editor
2090 2874 2354 2914 versum
2397 2852 2524 2916 375
2612 2862 2620 2866 ’

932 2995 1145 3052 Minus
1187 3011 1354 3067 saepe
1386 3011 1603 3069 peeeeS,
1647 2995 1700 3051 si
1741 2996 1893 3052 selas
1936 2994 2087 3066 quod
2129 2996 2369 3062 nescia-9,
2404 3048 2409 3054 .

527 3140 869 3206 inferendo
915 3142 1084 3221 quid.
1175 3139 1279 3203 Cf.
1323 3148 1665 3226 praeterea
1706 3141 1928 3205 adnot.
1972 3140 2057 3203 ad
2102 3164 2166 3204 v.
2213 3140 2317 3205 63.

698 3242 1210 3329 Hemigraphiae
1267 3242 1629 3325 insigniora
1680 3242 1999 3329 quaedam
2046 3242 2346 3330 exempla
2401 3242 2808 3329 proposuisse

529 3345 704 3409 haud
749 3343 1022 3430 pigebit.
1113 3343 1193 3407 In
1237 3365 1436 3406 versu
1480 3344 1601 3408 381

699 3485 916 3545 Nullus
959 3492 1039 3545 est
1083 3491 1283 3545 temtus
1327 3491 1617 3558 quaestus,
1662 3484 1841 3558 quam
1882 3488 2037 3559 quod
2078 3488 2293 3563 habeas
2326 3505 2587 3561 parcere,

461 3683 466 3687 .
531 3618 855 3683 sententia
900 3616 1163 3703 quidem
1208 3626 1505 3682 constare
1548 3615 1834 3699 videtur,
1881 3639 2109 3681 versus
2154 3604 2285 3682 non
2325 3620 2504 3683 item.
2592 3618 2809 3701 Neque

530 3731 749 3785 tamen
803 3719 1031 3804 negari
1087 3729 1301 3804 potest
1355 3720 1827 3805 negotiatorem
1878 3729 1941 3783 ct
1992 3722 2300 3785 maiorem
2355 3721 2571 3785 faeere
2629 3736 2808 3807 quae-

530 3832 723 3905 stum,
771 3832 833 3887 et
877 3824 1128 3886 minore
1171 3820 1392 3886 labore
1438 3831 1502 3885 et
1546 3822 1847 3885 breviore
1891 3831 2201 3909 tempore,
2250 3845 2396 3886 eum
2442 3823 2553 3908 qui
2596 3825 2808 3909 parcat

530 3925 652 3989 hoc
694 3933 949 3987 tantum
1005 3935 1369 4010 praestare,
1433 3922 1606 4010 quod
1651 3922 1901 3988 nullum
1946 3924 2177 3988 subeat
2220 3924 2612 4011 periculum,
2674 3927 2809 3986 cu'nl

537 4047 746 4111 neque
775 4048 815 4088 a
845 4025 1318 4111 tranquillitate
1362 4027 1561 4090 maris
1606 4048 1817 4114 neque
1847 4026 1930 4091 ab
1960 4050 2263 4112 agrorum
2296 4026 2637 4091 fertilitate
2668 4044 2806 4113 pen-

537 4127 708 4192 deat.
798 4126 963 4191 Cum
1005 4128 1209 4211 igitur
1251 4151 1382 4193 non
1424 4138 1659 4212 agatur
1704 4127 1784 4193 de
1819 4128 2270 4214 magnitudine
2303 4138 2633 4216 quaestUS,
2679 4132 2807 4191 tcm-

535 4235 636 4295 tus
678 4227 855 4292 haud
915 4228 1116 4293 dubie
1161 4238 1535 4316 corruptum
1580 4238 1710 4314 est3
1767 4229 2090 4295 Publilius
2135 4241 2353 4296 autem
2399 4231 2660 4317 scripsit
2702 4246 2803 4289 nu-

535 4332 732 4395 meris
775 4330 1159 4395 trochaicis:
2602 4332 2607 4342 ¹
