2917 4950
694 1109 1008 1220 Septem
1070 1107 1527 1220 Sapientum
1587 1107 2012 1196 sententiae

848 1292 1128 1376 septenis
1172 1291 1462 1356 versibus
1508 1292 1858 1377 explicatae

1101 1427 1205 1498 [ab
1248 1426 1602 1498 Ausonio}

986 1581 1049 1646 1.
1115 1581 1288 1648 Bias
1329 1580 1712 1647 PrieneuS.

371 1718 717 1798 Quaenam
760 1738 1013 1781 summa
1056 1716 1259 1782 boni?
1302 1738 1487 1782 mens
1533 1739 1792 1805 semper
1835 1715 2097 1783 conscia
2140 1719 2324 1782 recti.

362 1819 698 1884 Pernicies
743 1819 990 1885 homini
1035 1841 1200 1906 quae
1244 1817 1581 1883 maxima?
1639 1819 1814 1885 solus
1860 1819 2051 1886 homo
2097 1807 2283 1884 alter.

371 1921 537 2002 Quis
584 1922 770 1986 dives
786 1921 820 1984 ⁴?
877 1923 991 2008 qui
1033 1919 1129 1985 nil
1174 1923 1415 2008 cupiet.
1507 1921 1673 2002 Quis
1720 1920 2020 2010 pauper?
2079 1943 2340 1986 avar-ue.

371 2023 560 2104 Quae
604 2024 721 2088 dos
769 2025 1081 2088 matronis
1127 2022 1616 2111 pulcherrima?
1658 2025 1798 2089 vita
1842 2024 2101 2112 pudica.

368 2125 555 2206 Quae
602 2135 779 2190 casta
824 2124 970 2189 est?
1017 2125 1099 2188 de
1146 2148 1275 2213 qua
1317 2126 1585 2190 mentiri
1629 2126 1806 2189 fama
1849 2136 2134 2190 veretur.

369 2227 566 2308 Quod
611 2227 949 2314 prudentis
996 2227 1207 2317 opus?
1253 2250 1400 2292 cum
1445 2230 1680 2316 possm,
1727 2226 1897 2292 nolle
1941 2249 2196 2293 nocere.

368 2329 549 2410 Quid
595 2328 780 2395 stulti
822 2329 1207 2417 proprium?
1253 2350 1384 2393 non
1429 2352 1624 2416 posse
1669 2339 1734 2395 et
1778 2328 1950 2394 velle
1995 2351 2251 2395 nocere.

746 2599 761 2609 ἱ
839 2517 905 2583 2.
970 2518 1307 2585 Pittacus
1349 2517 1854 2598 Mitylenaeus·

369 2654 585 2741 Loqui
629 2653 983 2738 ignorabit,
1031 2654 1144 2739 qui
1188 2662 1406 2718 tacere
1449 2654 1720 2719 nesciet.

370 2755 551 2842 Bono
597 2756 863 2852 probari
906 2754 1099 2837 malo,
1147 2777 1338 2843 quam
1383 2754 1606 2820 multis
1651 2753 1861 2819 maliS.

369 2935 764 2991 Adnotatio
810 2936 1099 2990 critica.
1190 2934 1347 2990 P=
1371 2935 1560 2990 codex
1582 2933 1892 2989 Parisinus
1918 2933 1978 2989 S.
1999 2933 2189 2993 Germ.
2211 2935 2314 2989 lat.
2334 2930 2496 2992 1044

186 3036 353 3079 saec.
386 3020 505 3089 XI,
556 3020 610 3074 B
638 3042 721 3064 =
753 3020 945 3075 codex
974 3019 1323 3075 Basiliensis
1364 3021 1508 3092 siqu.
1542 3018 1616 3075 B.
1649 3019 1724 3074 Χ.
1758 3017 1869 3084 35,
1902 3035 2058 3076 saec.
2090 3018 2279 3089 XIII,
2315 3018 2386 3074 M
2406 3042 2492 3065 =

190 3106 326 3162 cod.
357 3106 805 3177 Bamberyensis
834 3101 962 3175 (vid.
984 3105 1211 3177 Proley.
1240 3121 1337 3177 pq.
1366 3101 1468 3175 19)
1499 3105 1831 3176 descriptus
1861 3123 1898 3161 a
1925 3104 2200 3162 Gulielmo
2223 3103 2494 3178 Meyero:

188 3194 244 3246 A
277 3214 362 3237 =
392 3192 477 3246 ed.
509 3190 749 3246 Ausonii
791 3191 934 3244 anni
966 3188 1164 3260 1730,
1213 3187 1256 3244 0
1284 3212 1370 3235 =
1399 3188 1488 3245 Io.
1523 3186 1693 3247 Conr.
1733 3189 1982 3247 Orellius
2022 3194 2081 3246 in
2113 3205 2314 3261 opusc.
2347 3196 2491 3245 sent.

191 3282 253 3332 et
282 3278 487 3334 moral.
522 3275 581 3347 1,
618 3274 735 3330 197
768 3290 852 3347 sq.
1028 3272 1247 3347 Septem
1280 3273 1534 3331 Graeciae
1565 3275 1879 3349 Sapientum
1909 3276 2212 3331 sententiae
2248 3273 2293 3329 0

194 3361 439 3434 septenis
471 3358 714 3416 versibus
747 3357 1043 3432 explicatae
1075 3358 1279 3431 BMO‚
1312 3363 1426 3416 nisi
1452 3361 1609 3433 quod
1635 3359 1692 3415 B
1718 3357 1925 3414 verbis:
1967 3377 2072 3416 om.
2103 3360 2182 3422 P,·
2224 3356 2288 3413 ab
2320 3357 2494 3413 Auso-

194 3446 291 3501 nio
333 3448 419 3503 vel
462 3448 667 3502 similia
710 3444 932 3501 addunt
974 3446 1238 3500 editores.
1326 3444 1771 3519 Subsequuntur
1811 3448 1870 3500 in
1913 3444 2039 3500 ΒΜ
2049 3468 2063 3499 .·
2122 3442 2370 3517 Ipsorum
2410 3450 2498 3498 est

194 3530 543 3587 observatum
576 3529 677 3603 (ita
710 3530 783 3599 B,
816 3530 933 3602 ipse
965 3536 1051 3585 est
1079 3529 1272 3585 modus
1303 3528 1413 3601 M),
1445 3537 1507 3584 ut
1538 3528 1647 3588 bini
1681 3528 1853 3584 ultimi
1884 3545 2072 3585 versus
2103 3544 2202 3602 per
2231 3527 2496 3584 antitheta

198 3614 476 3671 finiantur.
623 3616 685 3670 ·1
734 3614 853 3670 Bias
883 3608 1171 3691 Prieneus]
1204 3622 1429 3689 pytacus
1461 3613 1750 3670 niclitenus
1780 3614 1852 3669 M
2013 3615 2071 3685 1,
2107 3615 2137 3667 1
2172 3611 2300 3669 boui
2331 3620 2416 3667 est
2444 3612 2501 3668 P

369 3717 585 3775 semper
612 3699 785 3756 PBM
801 3724 816 3753 .·
862 3714 999 3773 quae
1029 3698 1130 3755 sihi
1160 3699 1281 3756 ΑΟ.
1357 3700 1654 3756 Walter-us
1685 3701 1964 3756 Burleius
1992 3701 2062 3755 de
2093 3701 2206 3755 vita
2239 3705 2294 3753 et
2322 3700 2491 3753 mori·

193 3787 303 3843 bus
337 3786 817 3857 philosophorum
858 3800 904 3839 ε.
946 3802 995 3841 υ.
1038 3786 1219 3841 Bias.-
1265 3782 1665 3859 ‘Interrogatus
1705 3784 1820 3841 Bias
1865 3782 1993 3859 quid
2035 3784 2108 3838 sit
2147 3783 2202 3838 iu
2244 3781 2345 3838 hac
2385 3783 2491 3837 vita

148 3892 167 3903 ¹
194 3872 481 3945 optimum,
513 3871 617 3941 ait,
650 3868 796 3925 Mens
829 3867 929 3924 sibi
961 3867 1135 3924 bonae
1165 3868 1505 3925 rectitudinis
1536 3868 1795 3926 conscia'.
2003 3868 2060 3940 1,
2093 3866 2129 3923 2
2162 3867 2396 3923 hominis
2429 3866 2499 3923 M

372 3956 429 4027 1,
463 3955 499 4012 3
546 3956 729 4028 cupiet
758 3954 960 4010 PBM.-
1003 3954 1184 4027 cupiat
1214 3953 1333 4010 Ao.
1397 3953 1488 4026 Cf.
1525 3954 1658 4011 Seu.
1692 3958 1854 4026 epist.
1890 3954 1950 4025 2,
1984 3954 2020 4011 6
2197 3953 2267 4024 1,
2299 3951 2338 4007 4
2384 3969 2492 4007 ma-

200 4041 371 4096 tronis
402 4040 539 4096 PB:
584 4048 859 4095 matronae
889 4038 1056 4095 MAo
1229 4039 1288 4110 1,
1321 4037 1357 4095 5
1404 4046 1491 4096 est
1520 4056 1626 4095 om.
1660 4038 1717 4094 B
1793 4079 1800 4086 ,
1892 4039 1948 4111 1,
1983 4038 2020 4095 6
2069 4038 2214 4113 quod
2246 4039 2326 4095 P.-
2360 4036 2489 4111 quid

127 4130 135 4135 ’
197 4125 421 4182 ΒΜΑΟ
591 4126 771 4199 possis
803 4123 881 4179 P.-
924 4124 1100 4198 possit
1131 4123 1353 4179 BMAO

368 4210 404 4266 2
452 4211 628 4284 asperi
660 4225 861 4281 eneuS,
905 4208 961 4281 (i.
998 4224 1044 4265 e.
1080 4209 1224 4264 Bias
1253 4205 1558 4279 Prieneus)
1589 4206 1684 4280 M,
1717 4207 1798 4281 cf.
1834 4210 1915 4265 ad
1944 4208 1976 4263 1
2154 4206 2224 4278 2,
2261 4207 2290 4261 1
2341 4206 2492 4279 loqui

197 4312 309 4352 non
339 4293 522 4352 licebit
554 4296 611 4351 B
783 4288 904 4371 qui]
940 4309 1061 4350 cum
1098 4292 1142 4349 0
1290 4293 1498 4349 nesciat
1526 4294 1595 4350 P.
1671 4294 1841 4351 Walt.
1878 4294 2044 4350 Buri.
2077 4307 2124 4350 s.
2158 4310 2208 4347 v.
2243 4290 2486 4366 Pytkaq.

198 4379 397 4455 ‘Loqui
428 4381 671 4456 ignorat,
704 4380 797 4453 qui
830 4387 1005 4436 tacere
1036 4376 1258 4452 neseit',
1288 4376 1431 4434 haud
1463 4376 1715 4450 absurde,
1739 4394 1863 4434 cum
1890 4377 2227 4459 Pythagoras
2258 4374 2492 4450 discipu·
