2917 4950
386 225 469 288 92
1016 239 1327 287 PUBL1L11
1371 239 1529 288 sirm
1576 237 2033 288 snm-Eurum.

550 394 667 460 Nil
707 395 918 479 magis
961 401 1136 457 amat
1180 392 1529 481 cupiditaS‚
1577 413 1771 480 quam
1815 389 1988 479 quod
2031 413 2160 456 non
2204 390 2378 457 licet.

551 497 700 562 Nisi
745 495 1037 561 vindices
1084 493 1344 580 delicta,
1391 494 1882 581 improbitatem
1921 493 2216 576 adiuves.

384 607 505 666 395
552 596 734 664 Nulli
775 595 1035 662 facilius
1082 617 1277 683 quam
1318 595 1490 662 malo
1535 597 1836 660 invenias
1880 617 2125 683 parem.

554 699 668 764 Nil
710 722 841 765 non
884 698 1191 767 acerbum
1234 700 1413 786 prius
1461 719 1655 785 quam
1697 708 2018 764 maturum
2064 699 2210 762 fuit.

549 803 799 868 Nocere
842 823 1038 888 posse
1083 810 1148 865 et
1191 800 1363 866 nolle
1405 799 1548 864 laus
1592 799 1994 887 amplissima
2039 810 2157 865 est.

547 904 697 970 Non
739 904 1047 987 vincitur,
1094 902 1213 968 sed
1256 903 1466 968 vincit
1509 904 1622 990 qui
1663 901 1840 967 cedit
1883 903 2040 967 suis.

549 1006 919 1071 Necessitas
966 1005 1079 1070 dat
1122 1003 1355 1090 legem,
1400 1027 1533 1070 non
1576 1007 1719 1092 ipsa
1761 1005 2022 1092 accipit.

300 1098 313 1110 ⁶
378 1116 503 1176 400
546 1109 785 1174 Nescio
831 1107 990 1194 quid
1034 1109 1263 1193 agitat,
1311 1129 1457 1172 cum
1501 1106 1744 1172 bonum
1787 1106 2081 1171 imitatur
2123 1106 2355 1172 malus.

547 1210 751 1277 Nulla
786 1210 1037 1274 homini
1079 1211 1287 1275 maior
1329 1231 1539 1297 poena
1582 1217 1682 1274 est
1727 1230 1920 1296 quam
1964 1208 2338 1274 infelicitas.

545 1313 695 1377 Non
737 1312 926 1376 novit
969 1313 1182 1376 virtus
1230 1309 1590 1376 calamitati
1635 1310 1883 1374 cedere.
2125 1389 2138 1400 .

546 1414 921 1479 Necessitas
966 1413 1050 1477 ab
1094 1412 1355 1480 homine
1401 1435 1566 1501 quae
1611 1412 1756 1477 vult
1799 1413 2128 1500 impetrat.

547 1515 947 1582 Necessitati
992 1515 1329 1603 quodlibet
1372 1515 1575 1580 telum
1619 1514 1778 1579 utile
1823 1524 1942 1580 est.

380 1624 504 1684 405
549 1618 800 1684 Nocere
844 1631 1051 1682 casus‘
1076 1639 1209 1704 non
1254 1616 1420 1683 solet
1463 1617 1890 1683 constantiae.

544 1721 694 1786 Non
737 1729 886 1807 pote
931 1743 1062 1786 non
1106 1742 1358 1808 sapere,
1406 1720 1519 1807 qui
1564 1740 1634 1783 se
1678 1718 1950 1784 stultum
1993 1719 2338 1806 intellegit.

544 1823 919 1888 Necessitas
966 1831 1266 1907 egentem
1307 1821 1688 1886 mendacem
1731 1821 1912 1886 facit.

546 1924 694 1990 Non
737 1922 1153 1988 facile-solus
1200 1945 1442 2006 serveS,
1493 1922 1667 2011 quod
1711 1922 1936 1989 multis
1982 1924 2216 2011 placet.

545 2027 918 2090 Necessitas
964 2024 1139 2110 quod
1181 2027 1415 2112 poscit,
1461 2027 1603 2090 nisi·
1637 2025 1773 2108 des,
1821 2027 2036 2111 eripit.

378 2136 505 2195 410
548 2129 803 2195 Nocens
848 2138 1174 2216 precatur,
1219 2129 1529 2199 innocens
1572 2129 1898 2193 irascitur.

543 2232 683 2296 Nec
725 2233 866 2297 vita
907 2253 1028 2295 nec
1074 2232 1337 2298 fortuna
1378 2230 1754 2296 hominibus
1799 2251 2031 2318 perpes
2078 2241 2198 2296 est.

381 2495 645 2538 comens
680 2498 727 2534 v.
760 2477 1127 2537 387—435:
1157 2479 1215 2535 F
1239 2477 1333 2551 (T)

556 2615 678 2674 393
724 2616 799 2673 nil
828 2616 1083 2689 Inqolst..
1076 2641 1087 2652 ·
1115 2614 1249 2672 nihil
1278 2616 1335 2670 F
1504 2630 1660 2687 quam
1691 2612 1745 2669 id
1777 2614 1920 2687 quod
1954 2614 2141 2671 Bothe
2323 2614 2446 2673 394
2493 2616 2579 2688 Cf.
2627 2638 2697 2675 v.

378 2699 518 2758 535.
553 2700 691 2759 592.
754 2702 1103 2758 Pseudosen.
1146 2704 1216 2758 de
1246 2717 1386 2756 mor.
1422 2698 1542 2754 114
1771 2698 1891 2756 395
1939 2694 2242 2756 *invenias
2313 2701 2552 2756 invenies
2585 2704 2693 2768 F,-

378 2786 457 2856 εἴ.
488 2804 580 2861 pq.
616 2787 698 2844 60
870 2786 991 2843 396
1038 2786 1111 2842 nil
1143 2788 1399 2861 Inyolst..·
1430 2783 1563 2839 nihil
1594 2783 1677 2837 F
1787 2783 1892 2839 fuit
1923 2785 2165 2842 Gruter.
2211 2784 2271 2841 fit
2300 2787 2357 2841 F
2382 2785 2516 2857 (non
2547 2786 2680 2860 sit),

376 2872 482 2926 siet
510 2872 749 2945 Inqolst.
815 2871 903 2944 Cf.
925 2890 1026 2945 pq.
1059 2870 1138 2928 58
1313 2869 1433 2927 397
1481 2872 1695 2926 Auson.
1747 2869 1858 2925 VII
1888 2870 2146 2943 Sapient.
2178 2878 2320 2927 sent.
2356 2872 2502 2927 Bias
2534 2872 2589 2928 6.
2636 2875 2678 2929 7

378 2954 557 3022 ‘Quod
599 2955 883 3029 prudentis
926 2956 1099 3029 opus?
1144 2973 1264 3012 cum
1307 2954 1486 3029 possis
1519 2954 1664 3010 nolle
1691 2960 1909 3010 nocere.
1999 2954 2136 3022 Quid
2165 2956 2320 3012 stulti
2350 2957 2678 3029 proprium?

375 3057 485 3095 non
535 3058 701 3113 posse
745 3048 801 3097 et
840 3040 977 3097 velle
1019 3041 1259 3096 nocere?
1353 3038 1564 3095 Caecil.
1615 3040 1786 3095 Balb.
1828 3058 1920 3113 pq.
1961 3039 2038 3095 21
2085 3047 2140 3097 et
2181 3040 2260 3097 38
2313 3040 2486 3096 Plato
2529 3040 2679 3099 dixit

377 3125 708 3199 triumphum
751 3126 1091 3182 innocentiae
1130 3124 1309 3182 solum
1350 3140 1472 3180 esse
1515 3141 1626 3179 non
1667 3141 1888 3219 peccare
1920 3124 2008 3181 ubi
2050 3125 2208 3181 liceat
2243 3126 2451 3221 posse!
2540 3126 2674 3183 Me-

376 3212 552 3266 nand.
586 3210 827 3267 Monost.
862 3210 982 3267 638
1014 3196 1169 3305 ἀνὴρ
1202 3203 1435 3276 δίκαιός
1479 3200 1636 3263 ἐστιν
1665 3200 1776 3282 οὐχ
1817 3196 1848 3263 ὃ
1891 3197 1971 3282 μὴ
2014 3198 2276 3282 ἀδικῶν,
2325 3198 2455 3265 ἀλλ’
2502 3198 2674 3279 ὅστις

310 3303 317 3311 ·
375 3286 607 3351 ἀδικεῖν
652 3286 979 3369 δυνάμενος
1018 3281 1099 3371 μὴ
1137 3286 1413 3371 βούλεται
1585 3295 1908 3369 amplissima
1949 3304 2032 3351 est
2072 3296 2339 3369 Inyolsta
2382 3304 2466 3352 est
2506 3313 2555 3353 a.
2587 3297 2671 3368 F.‚

376 3380 588 3437 laudem
621 3379 722 3436 sibi
752 3388 1033 3456 praeparat
1061 3382 1374 3456 ampliorem
1411 3382 1461 3436 T
1637 3380 1757 3437 398
1807 3380 2083 3452 Calpurn.
2116 3383 2375 3439 Flaccus
2404 3383 2546 3438 decl.
2581 3382 2668 3439 21

376 3465 531 3522 ‘cede
562 3465 737 3537 fratri,
768 3466 899 3523 cede
928 3466 1013 3522 vei
1042 3468 1199 3541 patri.
1259 3468 1432 3541 victor
1463 3468 1593 3538 eris,
1626 3466 1670 3519 si
1701 3466 1975 3521 cesseris?
2195 3467 2337 3524 cedit
2366 3468 2478 3523 suis
2513 3468 2669 3524 Gru-

376 3557 495 3607 ter.-
539 3568 585 3607 S.
614 3567 659 3606 c.
692 3553 751 3608 F
914 3550 1040 3609 400
1084 3553 1250 3626 agitat
1293 3552 1506 3609 Bothe.-
1552 3553 1758 3624 cogitat
1786 3551 1870 3615 F;
1914 3552 1994 3625 cf.
2029 3570 2078 3608 v.
2120 3551 2195 3608 61
2364 3551 2515 3669 t‘401
2563 3553 2672 3608 ho-

377 3690 504 3743 mini
535 3691 771 3761 reposui
799 3704 877 3745 ex
912 3688 964 3743 T
986 3687 1133 3744 nulla
1173 3695 1258 3743 est
1300 3688 1470 3744 maior
1499 3688 1702 3743 homiui
1731 3703 1905 3759 poena
1935 3704 2094 3760 quam
2125 3690 2422 3744 necessitas
2451 3689 2666 3761 inopia:

374 3773 649 3828 hominum
682 3775 754 3845 F,
788 3776 1037 3831 editores
1206 3772 1329 3829 403
1379 3772 1466 3845 Cf.
1498 3791 1548 3829 v.
1581 3770 1723 3828 399.
1757 3770 1896 3829 419.
1932 3771 2055 3829 428
2231 3772 2354 3831 406
2401 3782 2530 3847 pote
2562 3773 2664 3829 In-

372 3860 555 3931 9olst..·
583 3866 769 3930 potest
798 3860 853 3913 F
1018 3858 1141 3916 407
1190 3858 1275 3930 Cf.
1309 3877 1358 3914 v.
1398 3856 1516 3913 147
1711 3855 1833 3913 408
1882 3857 1970 3929 Cf.
2005 3876 2053 3914 v.
2086 3857 2208 3915 326
2242 3866 2294 3914 et
2326 3860 2569 3915 Hieron.
2603 3862 2668 3914 in

374 3943 661 3998 Jovinian.
706 3944 798 3997 lib.
830 3944 869 3999 I
904 3945 1008 4000 sub
1036 3947 1137 4016 fin.
1180 3939 1427 4000 ‘Difficile
1471 3941 1810 4014 custoditur,
1855 3943 2001 4017 quod
2041 3944 2226 4017 plures
2268 3946 2489 3999 amant?

376 4043 558 4083 serves
596 4025 745 4081 solus
788 4028 973 4085 Bothe
1156 4027 1279 4084 409
1326 4024 1361 4062 '¹‘
1392 4030 1510 4083 nisi'
1536 4028 1659 4083 des:
1706 4028 1808 4083 nisi
1851 4028 2063 4083 dederis
2093 4030 2164 4097 F,
2211 4030 2265 4083 ni
2309 4027 2520 4083 dederis
2559 4028 2664 4084 In-

372 4115 537 4187 yolst.
573 4112 676 4167 nisi
718 4111 811 4167 das
846 4112 1061 4168 Gruter
1071 4138 1089 4177 ,·
1132 4113 1211 4185 cf.
1242 4130 1334 4185 pq.
1369 4113 1451 4171 50
1649 4111 1775 4170 410
1821 4113 1908 4185 Cf.
1939 4132 1986 4171 v.
2021 4114 2141 4170 312
2343 4113 2463 4174 411
2514 4114 2661 4170 hom.

373 4213 570 4273 perpes
612 4204 695 4253 est
739 4196 985 4253 Gruter.-
1029 4204 1288 4271 perpetua
1331 4205 1417 4253 est
1458 4198 1512 4253 h.
1544 4198 1629 4261 F,·
1671 4214 1770 4254 nec
1814 4199 1916 4253 vita
1962 4198 2267 4254 hominihus
2311 4215 2410 4255 nec
2440 4198 2664 4254 fortuna

372 4298 567 4358 perpes
608 4290 693 4339 est
721 4282 1091 4341 Fro‘hliclzius
