2917 4950
515 289 599 354 56
1391 309 1939 358 Pnonseomnm.

721 465 830 526 -0
869 469 1032 529 dodae
1073 474 1438 538 tormentum,
1482 487 1665 544 aequo
1706 470 1811 530 ubi
1850 471 2190 544 reprimitur
2226 471 2515 546 ywudiwm

522 599 804 665 editores
861 600 1233 664 inversione
1286 600 1555 664 minime
1609 599 1981 665 Publiliana
2036 601 2471 684 (Tormentwm
2527 622 2561 667 ο
2604 603 2807 686 dulce)

521 712 727 788 metro
785 700 1283 785 consuluerunt,
1339 703 1555 788 ignari
1610 725 1840 767 vocem
1896 725 2093 786 aequo
2144 725 2231 768 ex
2273 725 2469 769 versu
2515 699 2810 790 sequenti

521 781 690 868 male
746 804 874 868 huc
927 813 1275 869 retractam
1331 827 1477 870 esse
1494 853 1511 888 ,
1570 827 1698 892 qua
1742 803 1957 870 deleta
2000 807 2327 870 senarium
2369 807 2440 869 in
2482 807 2811 892 integrum

519 908 885 973 restituisse
928 907 1090 972 mihi
1132 906 1384 972 videor.

689 1010 758 1098 2)
802 1011 912 1076 Ad
957 1009 1408 1097 prosodiam
1464 1018 1536 1075 ut
1579 1018 1984 1074 transeamus
1998 1060 2017 1093 ,
2078 1031 2288 1098 pauca
2338 1013 2621 1098 primum
2680 1034 2810 1077 mo-

522 1114 740 1178 nenda
795 1122 947 1179 sunt
1002 1113 1084 1177 de
1128 1112 1454 1178 vocalium
1500 1113 1882 1199 quantitate.
1971 1113 2060 1177 Et
2115 1113 2186 1176 in
2230 1115 2503 1200 perfecti
2548 1113 2812 1201 quidem

523 1238 801 1304 persona
855 1216 1052 1280 tertia
1107 1213 1275 1301 plur.
1324 1216 1438 1300 (--
1480 1215 1693 1301 erunt)
1738 1235 1771 1279 e
1824 1215 2063 1302 corripi
2119 1237 2313 1302 posse
2368 1217 2489 1280 vix
2544 1216 2814 1280 dubium
2899 1261 2900 1270 κ

522 1318 773 1383 faciunt
828 1339 892 1380 v.
950 1315 1034 1380 90
1089 1316 1409 1402 (Qderunt)
1479 1325 1543 1380 et
1599 1315 1902 1402 exempla
1959 1315 2209 1403 aliquot
2261 1316 2647 1403 Vergiliana
2704 1317 2817 1401 (cf.-

525 1419 873 1504 Forbigeri
927 1417 1147 1483 adnot.
1203 1417 1290 1482 ad
1335 1419 1533 1503 Verg.
1580 1416 1811 1504 Eclog.
1855 1419 1930 1502 4,
1976 1419 2123 1504 61),
2180 1421 2275 1484 ita
2314 1429 2389 1484 ut
2432 1444 2498 1486 v.
2544 1420 2675 1485 555
2719 1421 2813 1484 de-
2898 1439 2900 1442 ⁴

521 1525 876 1606 fendb‘runt,
920 1542 986 1584 v:
1033 1520 1159 1585 609
1205 1521 1595 1586 abstulerunt
1645 1542 1685 1584 a
1728 1521 2035 1608 prosodia
2078 1522 2453 1608 impugnari
2494 1545 2628 1587 non
2671 1545 2811 1609 pos·

527 1627 679 1694 sint.
765 1624 1048 1689 Alterius
1115 1622 1230 1708 (cf.
1288 1621 1635 1693 Ritschelii
1702 1645 1923 1710 opusc.
1978 1624 2052 1706 2,
2098 1623 2241 1688 662·
2280 1623 2452 1711 sqq.)
2512 1634 2815 1710 quattuor

525 1729 686 1796 locis
733 1728 1046 1810 occurrit3
1092 1747 1157 1789 v.
1203 1725 1348 1789 297.
1396 1726 1544 1790 372.
1589 1725 1715 1790 543
1761 1735 2059 1813 correpta
2102 1729 2153 1805 i,
2199 1736 2275 1791 ut
2319 1748 2381 1790 v.
2428 1726 2515 1791 50
2558 1749 2813 1815 quoque

528 1833 794 1894 eandem
841 1850 981 1892 esse
1023 1826 1269 1893 vocalis
1301 1828 1729 1912 quantitatem
1768 1826 1911 1892 iure
1955 1837 2225 1892 statuas.
2318 1829 2479 1909 Tibi,
2525 1831 2667 1909 sibi,
2712 1830 2812 1906 ibi,

526 1934 666 2012 ubi,
711 1930 1042 2014 ultimam,
1090 1950 1285 2016 quam
1328 1930 1740 2014 grammatici
1782 1929 2136 2017 ancipitem
2182 1951 2325 1995 esse
2369 1929 2630 2015 docent,
2677 1930 2811 1994 ubi-

529 2056 654 2123 que
704 2033 975 2098 brevem
1020 2031 1264 2097 hab'ent
1276 2079 1295 2114 ,
1355 2053 1481 2118 quo
1538 2031 1889 2096 concidunt
1932 2031 2285 2098 nonnullae
2330 2034 2741 2098 coniecturae
2780 2054 2815 2094 a
2900 2083 2902 2092 2

528 2139 692 2203 viris
737 2137 944 2201 doctis
990 2133 1300 2222 prolatae.
1390 2133 1647 2198 Pariter
1689 2136 1805 2200 cito
1848 2135 1980 2199 nisi
2019 2135 2210 2200 brevi
2239 2134 2468 2200 ultima
2496 2157 2630 2200 non
2661 2134 2811 2219 legi-

528 2251 665 2323 tur,
734 2237 909 2303 unde
966 2235 1201 2302 falsam
1257 2258 1400 2301 esse
1471 2235 1755 2300 efficitur
1810 2236 2070 2302 Erasmi
2137 2244 2570 2303 coniecturam
2626 2237 2712 2302 ad
2756 2257 2813 2298 v.

527 2343 656 2409 380
695 2340 1116 2430 propositam.
1205 2339 1309 2404 Cf.
1354 2347 1689 2425 praeterea
1730 2336 1817 2402 ad
1862 2360 1925 2402 v.
1974 2339 2075 2403 91.
2121 2340 2269 2405 469.
2314 2339 2462 2406 656.

701 2443 806 2508 De
851 2440 1124 2529 syllabis
1180 2442 1504 2529 positione
1558 2440 1772 2526 longis
1825 2442 2157 2507 monuisse
2201 2441 2485 2508 sufficiat
2528 2441 2814 2507 vocalem
2902 2526 2904 2531 .

421 2623 428 2631 ι
531 2547 799 2612 brevem
845 2544 1267 2632 sequentibus
1311 2543 1545 2609 litteris
1583 2565 1673 2627 yn
1716 2543 1988 2631 produci
2003 2546 2091 2628 ²¹³),
2137 2546 2377 2632 corripi
2418 2555 2641 2609 autem
2674 2553 2815 2609 ante

531 2673 599 2739 cr
644 2657 709 2715 et
751 2655 829 2713 tr.
920 2647 1098 2712 Hinc
1154 2656 1425 2735 apparet
1482 2642 1648 2711 falso
1694 2645 1957 2711 dedisse
2000 2646 2312 2711 Bothium
2356 2669 2421 2710 v.
2467 2648 2593 2713 358
2642 2648 2815 2714 laori-
2902 2644 2904 2665 '

531 2756 681 2834 mia,
738 2761 915 2817 recte
971 2752 1323 2817 Gruterum
1378 2771 1444 2812 v.
1491 2750 1617 2814 353
1674 2750 1969 2814 meretrix
2025 2758 2090 2814 et
2145 2771 2312 2835 quae
2366 2758 2518 2815 sunt
2563 2749 2815 2814 similia.

533 2857 716 2921 Haec
762 2864 826 2919 et
869 2854 939 2917 id
983 2874 1189 2938 genus
1234 2851 1383 2934 alia,
1428 2851 1637 2916 veluti
1681 2852 2006 2939 synizesis
2038 2861 2102 2917 et
2146 2874 2471 2940 syncopae
2502 2850 2815 2938 exempla,
2902 2878 2904 2883 ·

535 2960 642 3023 cui
701 2955 1088 3041 singillatim
1130 2954 1432 3041 persequi
1476 2952 1774 3031 libuerit,
1832 2955 2288 3040 percommode
2330 2954 2548 3019 indice
2591 2952 2815 3018 verbo-

532 3083 678 3124 rum
719 3061 818 3123 uti
861 3058 1136 3145 poterit,
1185 3077 1377 3142 quem
1422 3054 1697 3120 editioni
1739 3064 2001 3120 nostrae
2044 3056 2524 3123 subiunximus.
2612 3051 2818 3121 Facili

532 3162 798 3251 negotio
843 3159 1138 3223 inveniet
1166 3155 1528 3222 Publilium
1571 3157 1814 3244 ubique
1858 3180 2047 3222 usum
2094 3180 2237 3222 esse
2268 3158 2476 3223 forma
2493 3160 2814 3242 periclum,

537 3262 740 3330 Gellii
785 3271 849 3327 et
893 3262 1286 3348 optimorum
1330 3259 1628 3324 codicum
1670 3261 2056 3325 auctoritate
2100 3260 2498 3343 confirmata,
2545 3260 2816 3344 ideoque

490 3368 762 3452 ‘utique
827 3362 1275 3451 recipiendam
1343 3363 1551 3427 fuisse
1617 3361 1976 3427 Ribbeckii
2050 3363 2491 3427 coniecturam
2544 3384 2611 3425 v.
2670 3358 2815 3439 6253

536 3460 815 3551 videbit,
863 3467 986 3530 etsi
1029 3467 1098 3530 in
1129 3464 1459 3552 plerisque
1490 3464 1827 3530 codicibus
1860 3466 2173 3551 scriptum
2204 3472 2303 3528 est
2332 3464 2514 3544 nihil,
2562 3459 2817 3527 restitui

535 3580 755 3637 tamen
813 3569 1120 3633 debuisse
1163 3569 1260 3633 nil
1313 3566 1421 3632 vel
1464 3567 1729 3632 iubente
1774 3564 2177 3632 senariorum
2219 3566 2367 3652 lege
2412 3564 2517 3630 vel
2560 3573 2841 3653 propter·

535 3673 733 3738 metri
779 3670 1191 3756 elegantiam,
1238 3691 1302 3732 v.
1351 3671 1410 3734 6.
1459 3678 1525 3733 et
1568 3669 1716 3752 239,
1763 3691 1845 3733 ne
1888 3671 1959 3734 in
2004 3668 2303 3733 versibus
2348 3666 2651 3734 iambicis
2696 3677 2816 3730 tres

540 3785 932 3863 quattuorve
976 3762 1226 3859 dactyli
1257 3780 1734 3837 concurrerent.
1826 3770 2040 3836 Simili
2070 3771 2153 3834 de
2184 3793 2380 3835 causa
2411 3792 2474 3834 v.
2508 3770 2591 3835 72
2621 3771 2819 3836 forma

539 3881 697 3959 nisi,
758 3898 923 3964 quae
965 3874 1250 3940 librariis
1305 3875 1518 3959 magis
1561 3882 1717 3938 nota
1760 3875 1830 3937 in
1875 3872 2211 3938 codicibus
2256 3870 2658 3961 praevaluit,
2715 3892 2814 3933 ex-

541 3976 953 4045 terminanda
994 3977 1121 4066 fuit
1163 3978 1468 4043 restituta
1509 3979 1599 4058 ni,
1647 3975 2005 4064 eademque
2035 3974 2288 4040 medela
2319 3970 2817 4043 commendanda

543 4086 612 4147 in
657 4108 720 4149 v.
764 4081 910 4146 427.

676 4287 731 4350 *)
767 4290 831 4341 V.
858 4290 958 4338 442
994 4290 1226 4337 metrum
1262 4288 1566 4352 respuebat
1601 4288 1824 4339 facilem
1860 4290 2265 4339 coniecturamt
2315 4284 2507 4341 Occidi
2533 4284 2814 4350 pulchrum

543 4376 638 4438 est,
673 4370 770 4425 ubi
804 4369 1116 4439 iynominia
1149 4368 1373 4424 servias.
