2917 4950
1130 1216 1415 1300 Incerti
1477 1216 1814 1301 auctoris
1875 1214 2098 1318 liber,

896 1352 1030 1463 qui
1091 1353 1332 1464 vulgo
1397 1352 1680 1437 dicitur
1742 1355 1840 1438 de
1902 1350 2347 1438 m01·ibus.’³<

561 1564 615 1618 1.
666 1555 877 1620 Omne
921 1562 1260 1641 peccatum
1304 1553 1474 1618 actio
1522 1561 1650 1635 est,
1695 1552 1868 1618 actio
1903 1560 2124 1617 autem
2155 1554 2362 1617 omnis
2394 1552 2778 1620 voluntaria

662 1668 759 1722 cst
802 1667 937 1722 tam
968 1657 1240 1722 honesta
1271 1677 1465 1743 quam
1496 1656 1738 1742 turpis:
1787 1677 1941 1741 ergo
1972 1653 2414 1721 voluntarium
2447 1666 2551 1722 est
2585 1679 2775 1722 omne

660 1769 1019 1847 peccatum.
1110 1756 1349 1823 Tollite
1396 1759 1913 1823 excusationem:
1957 1777 2148 1822 nemo
2193 1767 2420 1845 peccat
2464 1759 2748 1824 invitus,

558 1870 615 1926 2.
662 1862 985 1926 Educatio
1021 1871 1084 1925 et
1115 1859 1466 1947 disciplina
1497 1881 1708 1925 mores
1739 1859 2011 1943 faciunt,
2057 1869 2120 1924 et
2149 1860 2235 1924 ad
2265 1861 2337 1926 id
2366 1861 2540 1926 vivit
2571 1883 2770 1926 unus-

664 1967 969 2050 quisque,
1033 1961 1207 2049 quod
1263 1960 1519 2027 didicit.
1609 1962 1844 2049 Itaque
1896 1960 2070 2028 bona
2125 1962 2524 2027 consuetudo
2573 1985 2772 2026 excu-

664 2076 803 2130 tere
860 2065 1091 2147 debet,
1150 2063 1324 2150 quod
1380 2063 1551 2128 mala
1595 2065 1932 2130 instruxit.
2023 2064 2202 2128 Bene
2245 2063 2544 2150 loquere,
2607 2065 2774 2130 bene
2894 2123 2895 2128 ,

668 2168 892 2232 faciae.

562 2280 621 2339 3.
668 2269 853 2334 Nihil
894 2271 1189 2352 interest,
1239 2291 1365 2356 quo
1410 2271 1628 2334 animo
1673 2267 1901 2352 faciae,
1956 2270 2132 2355 quod
2175 2269 2412 2334 fecisse
2456 2271 2773 2336 vitiosum
2894 2273 2895 2276 ’

666 2381 785 2454 est,
834 2374 985 2458 quia
1055 2372 1232 2436 facta
1277 2380 1649 2454 cernuntur,
1696 2372 1951 2437 animus
1995 2393 2151 2436 vero
2179 2393 2313 2436 non
2342 2371 2630 2437 videtur.

562 2481 621 2538 1.
669 2472 867 2538 Nulla
900 2474 1129 2560 (enim)
1161 2472 1301 2539 laus
1350 2484 1450 2539 est
1479 2497 1609 2539 non
1641 2474 1878 2558 facere,
1926 2475 2098 2562 quod
2128 2474 2344 2539 facere
2373 2497 2503 2541 non
2533 2475 2769 2563 possis.

558 2576 843 2657 &Quid
890 2586 989 2641 est
1032 2576 1279 2642 homini
1324 2575 1904 2642 inimicissimum?
1952 2576 2117 2643 alter
2161 2556 2372 2643 homO.

502 2767 505 2770 Ι
562 2688 617 2743 6.
665 2680 981 2744 Libenter
1011 2679 1206 2762 ferae,
1234 2680 1405 2767 quod
1438 2701 1705 2745 11666886
1737 2689 1865 2745 est:
1898 2679 2082 2745 dolor
2111 2680 2432 2767 patientia
2460 2646 2766 2745 vincitur.

594 2920 603 2927 ·
640 2890 675 2925 '¹‘
706 2891 899 2948 LIBER
930 2890 1226 2948 SENECAE
1261 2894 1422 2948 codd.
1448 2892 1707 2966 Sanyall.
1737 2891 1853 2947 141
1883 2890 2014 2964 (Ga)
2047 2900 2100 2949 et
2121 2892 2242 2951 238
2266 2888 2389 2971 (ab)
2419 2909 2578 2951 saec·
2609 2896 2765 2961 noni,

478 2981 679 3036 collati
708 2997 743 3034 a
778 2978 913 3034 Car.
952 2978 1292 3034 Schenkelio
1324 2976 1596 3051 (Beitrfige
1627 2994 1724 3032 zur
1754 2976 1925 3033 Kritik
1957 2977 2052 3033 des
2085 2978 2318 3051 Seneca,
2355 2978 2547 3049 1864,
2585 2998 2638 3053 p.
2675 2976 2771 3046 39)

476 3062 548 3135 (G
577 3087 661 3108 =
694 3063 1097 3135 Sanyallensis
1137 3060 1437 3135 uterque),
1480 3061 1854 3118 PROVERBIA
1898 3062 2192 3119 SENECAE
2236 3066 2359 3120 cod.
2395 3064 2572 3121 Paris
2606 3062 2764 3122 7581

476 3164 631 3205 saec.
664 3149 726 3202 Χ
755 3144 872 3223 (S),
920 3146 1112 3201 LIBER
1154 3145 1448 3202 SENECAE
1492 3146 1574 3201 DE
1613 3146 2082 3203 INSTITVTIONE
2127 3147 2364 3205 MORVM
2411 3152 2533 3207 cod.
2568 3150 2763 3205 Paris,

474 3238 576 3291 lat.
612 3233 671 3290 S.
724 3232 859 3289 Vz'ct.
898 3231 1048 3304 672,
1095 3248 1251 3288 saec.
1289 3231 1421 3288 XII
1448 3227 1584 3306 (V),
1625 3231 1819 3306 Incipit
1851 3233 2093 3289 eiusdem
2120 3233 2187 3289 de
2221 3224 2478 3291 moribus*
2496 3234 2578 3291 vel
2613 3233 2765 3291 disci-

476 3320 620 3393 plina
665 3335 762 3374 seu
804 3317 975 3375 libero
1018 3316 1238 3373 arbitrio
1284 3318 1405 3373 cod.
1450 3318 1643 3373 Paris.
1683 3320 1788 3374 lat.
1836 3318 1998 3375 8027
2039 3328 2199 3376 saec.
2235 3318 2419 3392 XIV,
2463 3320 2523 3375 L.
2566 3317 2765 3377 Annaei

478 3406 713 3461 Senecae
763 3402 899 3460 liber
950 3404 1017 3459 de
1060 3403 1329 3475 moribuS,
1380 3404 1435 3458 in
1485 3419 1593 3484 quo
1635 3401 1946 3459 notabiliter
1986 3411 2040 3459 et
2085 3405 2365 3479 eleganter
2408 3407 2542 3461 vitae
2586 3420 2764 3461 mores

478 3498 691 3547 enarrat
734 3491 860 3545 cod.
901 3488 1090 3545 Paris,
1136 3490 1234 3545 lat.
1283 3488 1480 3560 6391,
1534 3488 1733 3545 Seneca
1778 3488 1844 3544 de
1889 3487 2129 3546 moribus
2174 3493 2262 3547 vel
2306 3494 2565 3548 similiter
2609 3489 2764 3547 codd.

477 3576 671 3632 Paris.
704 3576 805 3631 lat.
842 3573 1005 3631 6395
1039 3574 1119 3645 Α,
1164 3574 1359 3645 6379,
1406 3573 1604 3647 6380,
1651 3572 1848 3647 6384,
1883 3574 2081 3647 6395,
2118 3574 2314 3647 7329,
2347 3574 2544 3647 8545,
2577 3574 2762 3641 8546,

480 3660 675 3732 8552,
712 3662 979 3733 plerique
1021 3674 1179 3715 saec.
1224 3658 1397 3731 XIV,
1444 3662 1568 3717 cod.
1613 3659 1846 3715 Monac.
1891 3661 1993 3716 lat.
2042 3660 2250 3718 17290
2290 3677 2447 3718 saec.
2480 3662 2606 3719 XV

484 3748 515 3802 1
563 3746 650 3819 Cf.
685 3746 909 3803 Seneca
943 3748 1106 3816 epist.
1142 3744 1243 3815 66,
1277 3744 1355 3801 16
1388 3742 1582 3799 ‘Omne
1614 3745 1904 3799 honestum
1936 3744 2297 3801 voluntarium
2327 3744 2456 3803 est'.
2607 3745 2643 3801 2
2690 3746 2765 3799 in-

479 3825 704 3905 struxit]
737 3830 1000 3887 incussit?
1045 3828 1383 3885 introduxit?
1561 3828 1650 3901 Of.
1688 3829 1828 3885 Sall.
1867 3830 1987 3887 Cat.
2021 3830 2080 3902 3,
2116 3831 2147 3886 1
2185 3828 2346 3888 ‘bene
2378 3831 2586 3902 facere,
2630 3830 2764 3887 hene

480 3914 699 3970 dicere'.
786 3916 927 3971 Bene
958 3915 1115 3971 decet
1146 3916 1317 3989 loqui,
1350 3913 1488 3971 bene
1519 3914 1677 3971 decet
1709 3914 1880 3976 facere
1914 3916 2036 3972 cod.
2071 3918 2264 3973 Paris·
2295 3916 2476 3987 6379,
2512 3919 2584 3973 al.
2615 3916 2761 3973 unde

481 4000 744 4055 Haasius
774 3999 914 4055 Bene
958 4000 1119 4056 docet
1161 4000 1342 4074 loqui,
1387 4002 1479 4075 qui
1510 3999 1646 4056 bene
1677 4000 1838 4056 docet
1867 4000 2041 4057 facere
2214 4000 2250 4057 3
2296 4002 2561 4058 Laetam.
2593 4003 2762 4059 instit.

482 4084 537 4153 3,
577 4083 651 4139 15
686 4084 875 4157 ‘Atqui
904 4083 1037 4139 nihil
1068 4086 1101 4140 i.
1140 4104 1189 4158 q.
1222 4102 1268 4142 a.
1302 4086 1339 4141 f.
1372 4104 1425 4159 q.
1458 4086 1498 4141 f.
1533 4104 1582 4141 v.
1615 4093 1718 4156 est,
1751 4102 1803 4159 q.
1838 4084 1877 4141 f.
1914 4104 1959 4142 6.
1992 4102 2038 4143 a.
2071 4102 2182 4141 non
2211 4086 2283 4141 v.’
2415 4086 2454 4141 4
2500 4086 2762 4143 Laetant.

479 4171 655 4225 instit.
688 4169 747 4241 6,
782 4168 861 4225 23
893 4167 1073 4224 ‘Nulla
1105 4171 1276 4242 igitur
1306 4170 1343 4226 1.
1378 4178 1462 4226 est
1492 4189 1546 4227 n.
1580 4171 1618 4226 f.
1653 4188 1707 4245 q.
1743 4170 1780 4231 f.
1816 4188 1868 4229 n.
1889 4172 1970 4245 p.'
2087 4171 2124 4227 5
2175 4172 2265 4245 Cf.
2298 4172 2586 4229 Ausonius
2611 4172 2762 4243 Sept.

482 4270 608 4325 sap.
646 4260 785 4311 sent.
824 4254 880 4324 1,
916 4254 971 4308 2.
1049 4254 1415 4310 Anacharsis
1445 4274 1540 4327 ap.
1575 4256 1724 4313 Stob.
1755 4259 1886 4329 flor.
1922 4256 1981 4329 2,
2013 4255 2114 4313 43.
2248 4258 2283 4314 6
2331 4256 2500 4314 Sexti
2524 4257 2763 4329 Pytkaq·

485 4345 633 4396 sent.
669 4339 787 4396 111
822 4337 1060 4412 (Opuse.
1092 4345 1235 4396 sent.
1270 4345 1324 4397 et
1353 4358 1492 4399 mor.
1526 4342 1612 4397 ed.
1651 4340 1743 4399 Or.
1775 4342 1837 4415 Ι,
1870 4358 1972 4417 pq.
2009 4338 2154 4415 254)
2195 4340 2321 4399 ‘Fer
2362 4341 2508 4417 quod
2545 4355 2761 4399 necesse
