2917 4950
943 305 1490 366 PRO‘LEGOMENA.
2272 294 2355 369 33

92 470 325 553 luerim,
393 469 600 535 multo
659 471 872 535 minus
935 470 1028 534 de
1089 472 1612 537 versionibus
1678 482 1979 537 accurate
2034 474 2356 539 disserere

92 575 146 635 in
187 573 393 637 animo
441 582 558 636 est.
651 571 904 637 Graece
950 575 1309 638 sententias
1358 573 1459 638 bis
1507 577 1832 660 expressit
1887 575 1931 640 J
1945 597 2047 640 os.
2101 574 2353 641 Scali-

90 697 234 758 ger:
302 673 692 739 Pithoeanas
748 697 918 738 anno
975 675 1171 758 1598,
1241 674 1321 739 de
1379 676 1617 762 quibus
1675 699 1872 764 supra
1928 678 2176 741 dictum
2236 686 2358 759 cst,

91 775 494 840 Gruterianas
550 799 719 840 anno
775 775 912 841 fere
971 776 1135 842 1605
1191 777 1298 840 vel
1359 779 1544 843 1606.
1634 778 1736 842 Cf.
1796 777 2218 864 Scaligerana
2262 778 2356 843 II.

89 879 138 940 5.
167 899 225 940 v.
257 877 534 942 Gruter:
586 878 821 943 Gruter
866 881 1038 942 avoir}
1073 879 1202 959 fait
1245 881 1571 962 imprimet·
1613 902 1704 945 zm
1748 874 1949 964 Syrus
1993 883 2356 964 auymente‘;

79 979 187 1058 ιφ”αί
227 984 354 1042 tout
397 981 626 1044 tourne'
661 982 733 1044 de
775 1001 1065 1045 nouveau
1108 1003 1184 1045 en
1227 981 1270 1044 4
1299 983 1504 1064 jour-5.

239 1080 626 1145 Germanice
649 1082 925 1146 vertisse
959 1104 1066 1146 eas
1097 1082 1306 1146 fertur
1335 1083 1737 1148 Martinus
1784 1083 2131 1171 Opitius.
2201 1087 2357 1150 Pro-

92 1182 325 1246 dierunt
381 1184 555 1247 enim
610 1205 779 1248 anno
832 1176 994 1249 1705
1049 1185 1466 1249 Francofurti
1520 1185 1606 1249 ad
1660 1185 1966 1250 Moenum
2022 1187 2196 1274 apud
2242 1188 2286 1252 J
2289 1210 2353 1251 o-

91 1283 342 1347 hannem
385 1283 711 1349 Maximil.
755 1308 795 1348 a
840 1285 1058 1350 Sande
1102 1285 1290 1351 ‘Cato
1338 1296 1403 1350 et
1432 1288 1619 1352 Mimi
1663 1291 2073 1372 τρίγλωττοι,
2120 1311 2357 1374 graeca

93 1408 162 1448 ex
186 1387 576 1474 metaphrasi
607 1387 748 1452 Jos.
781 1384 1121 1472 Scaligeri‚
1165 1387 1557 1454 Germanice
1588 1391 1997 1476 potissimum
2029 1413 2111 1454 cx
2142 1402 2357 1456 mente

24 1527 26 1574 3
93 1487 355 1552 eiusdem
413 1499 479 1553 et
535 1487 732 1575 Oasp.
791 1488 1046 1554 Barthii
1106 1511 1418 1576 expressa
1472 1515 1511 1555 a
1567 1492 1850 1556 Martino
1906 1492 2180 1580 Opitio’.
2268 1493 2360 1557 At

24 1599 26 1624 1
92 1590 422 1654 verendum
485 1600 584 1655 est
637 1613 720 1654 ne
776 1591 898 1654 hoc
955 1591 1142 1656 titulo
1189 1595 1366 1678 capti
1423 1596 1845 1682 praeproperi
1886 1594 2117 1679 gaudii
2158 1617 2357 1659 usura

24 1721 27 1786 ?
90 1690 382 1757 fruantur.
473 1693 644 1757 Nam
697 1695 767 1757 in
811 1715 881 1756 re
926 1693 1176 1758 incerta
1230 1695 1358 1758 tria
1414 1705 1567 1760 sunt
1620 1697 2020 1779 certissima,
2075 1697 2358 1783 primum

91 1795 146 1854 in
184 1793 269 1857 M.
313 1795 527 1881 Opitii
571 1795 970 1860 editionibus
1019 1794 1182 1860 nihil
1228 1795 1382 1880 legi,
1428 1819 1555 1883 quo
1603 1819 1750 1862 eum
1784 1796 2053 1861 Publilii
2099 1807 2354 1862 senten-

91 1896 182 1958 tiis
224 1897 556 1960 vertendis
605 1918 868 1983 operam
913 1896 1176 1961 dedisse
1223 1897 1507 1980 eluceat,
1568 1896 1805 1962 deinde
1849 1898 2102 1963 fraudis
2149 1901 2357 1986 suspi-

24 2079 26 2084 .
94 1997 238 2059 cioni
281 1997 570 2062 obnoxia
615 2021 792 2081 esse,
853 1999 1374 2088 quibuscumque
1419 1999 1615 2086 Oasp.
1664 1999 1923 2064 Barthii
1967 2022 2197 2067 nomen
2244 2002 2357 2064 ad·

24 2117 27 2136 ¹
93 2097 306 2181 haeret,
354 2111 681 2187 postremo
727 2123 956 2166 versus
1003 2102 1180 2189 ipsos
1228 2103 1495 2166 minime
1540 2112 1798 2190 poetam
1844 2125 2093 2190 sapere.

235 2200 426 2266 Ultra
451 2190 890 2268 'Erasmianas
949 2205 1340 2286 sententiaS,
1399 2204 1713 2269 ducentas
1772 2206 2186 2290 septuaginta
2241 2226 2357 2266 nu-

93 2323 274 2384 mero,
320 2325 452 2368 non
498 2325 798 2389 egressus
847 2315 977 2387 est,
1042 2307 1155 2392 qui
1197 2328 1368 2371 anno
1418 2307 1583 2372 1809
1628 2304 1914 2370 Publilio
1960 2306 2029 2369 in
2073 2305 2357 2391 patrium
2450 2345 2465 2366 .

24 2465 26 2468 ,
93 2425 428 2470 sermonem
457 2405 772 2471 vertendo
815 2427 1076 2470 manum
1106 2406 1423 2491 admovit,
1473 2409 1537 2474 J.
1571 2408 1648 2471 F.
1682 2409 2098 2472 Kremsier
2144 2407 2357 2497 (Lips.

24 2506 26 2511 ’
92 2507 241 2592 apud
283 2508 429 2574 Joa.
475 2509 820 2595 Sommer),
867 2510 997 2575 nisi
1043 2510 1217 2596 quod
1261 2508 1643 2599 appendicis
1689 2509 1830 2576 loco
1877 2511 2157 2575 subiecit
2202 2532 2355 2596 qua-

26 2598 28 2663 ῗ
93 2608 444 2695 dringentas
501 2590 894 2676 Pffblilianis
951 2611 1198 2677 similes
1255 2636 1294 2676 a
1341 2614 1424 2678 Gr.
1473 2613 1777 2678 Fabricio
1836 2610 2169 2697 collectas3
2233 2610 2356 2675 lar-

90 2712 310 2793 giorem
344 2713 616 2779 Gruteri
659 2713 1059 2799 farraginem
1102 2714 1267 2780 alter
1311 2736 1534 2802 presse
1577 2724 1836 2779 secutus
1872 2723 1967 2778 est
2012 2715 2329 2799 interpres
2337 2763 2355 2795 ,

89 2812 534 2881 Leonardus
583 2816 1100 2882 Schwarzius
1117 2865 1135 2898 ,
1198 2820 1386 2881 cuius
1433 2839 1588 2882 cura
1631 2818 1700 2880 in
1744 2814 1956 2880 lucem
2002 2815 2359 2900 Gottingae

26 2920 28 2929 '
89 2936 234 2980 anno
280 2917 445 2983 1813
490 2918 668 2983 edita
714 2929 834 2983 est.

234 3020 624 3108 Nuperrime
671 3021 953 3107 denique
999 3022 1067 3086 in
1110 3019 1324 3085 lucem
1354 3022 1602 3109 prodiit
1643 3022 1750 3086 hic
1780 3020 1977 3085 liber:
2026 3020 2181 3084 ‘Les
2212 3042 2355 3085 sen-

26 3104 28 3143 *
90 3128 282 3185 tences
341 3122 424 3185 de
467 3121 742 3186 Publius
790 3121 1030 3209 Syrus,
1087 3119 1407 3188 traduites
1455 3146 1537 3187 en
1582 3121 2026 3200 Alexandrins
2073 3122 2356 3207 francais

93 3243 190 3304 par
230 3223 724 3289 Anacharsis
772 3224 1129 3289 CombeS.
1204 3224 1533 3289 Toulouse
1582 3227 1791 3291 1868.’
1868 3223 2084 3305 Quam
2129 3246 2357 3310 parum

26 3342 28 3356 ¹
93 3320 181 3384 hic
208 3323 391 3389 homo
427 3323 664 3389 litteris
709 3324 931 3390 latinis
977 3327 1268 3391 imbutus
1313 3329 1423 3409 sit,
1472 3328 1626 3391 hinc
1668 3338 1960 3416 apparet,
2008 3328 2183 3414 quod
2228 3330 2357 3414 pri-

26 3428 28 3487 ζ
94 3445 238 3488 mam
280 3426 552 3492 Publilii
596 3428 949 3494 editionem
991 3452 1160 3494 anno
1211 3430 1373 3494 1552
1424 3430 1781 3516 prodiisse,
1838 3441 2099 3518 poetam
2142 3433 2358 3517 ipsum
2392 3462 2400 3469 ’

26 3546 28 3559 1
95 3546 125 3586 a
161 3527 537 3615 Domitio(!)
594 3552 790 3593 manu
838 3532 1112 3595 missum
1157 3552 1299 3594 esse
1343 3529 1601 3617 aliaque
1646 3532 1715 3596 id
1759 3554 1965 3617 genus
2010 3554 2216 3620 aeque
2260 3533 2357 3595 in-

98 3637 222 3711 epta
262 3628 556 3695 tradidit.
