<?xml version="1.0" encoding="UTF-8"?>
<!DOCTYPE html PUBLIC "-//W3C//DTD XHTML 1.0 Transitional//EN"
    "http://www.w3.org/TR/xhtml1/DTD/xhtml1-transitional.dtd">
<html xmlns="http://www.w3.org/1999/xhtml" xml:lang="en" lang="en">
 <head>
  <title>
</title>
<meta http-equiv="Content-Type" content="text/html;charset=utf-8" />
  <meta name='ocr-system' content='tesseract 3.04.00' />
  <meta name='ocr-capabilities' content='ocr_page ocr_carea ocr_par ocr_line ocrx_word'/>
</head>
<body>
  <div class='ocr_page' id='page_1' title='image "./publiliisyrisen00martgoog_0108.png"; bbox 0 0 2917 4950; ppageno 0'>
   <div class='ocr_carea' id='block_1_1' title="bbox 468 279 2125 344">
    <p class='ocr_par' dir='ltr' id='par_1_1' title="bbox 468 279 2125 344">
     <span class='ocr_line' id='line_1_1' title="bbox 468 279 2125 344; baseline -0.001 -2"><span class='ocrx_word' id='word_1_1' title='bbox 468 279 549 344; x_wconf 88' lang='grc'><strong>98</strong></span> <span class='ocrx_word' id='word_1_2' title='bbox 1096 295 1409 342; x_wconf 58' lang='lat' dir='ltr'><strong>romanu</strong></span> <span class='ocrx_word' id='word_1_3' title='bbox 1456 295 1614 344; x_wconf 69' lang='lat' dir='ltr'><strong>srm</strong></span> <span class='ocrx_word' id='word_1_4' title='bbox 1663 293 2125 343; x_wconf 65' lang='lat' dir='ltr'><strong>sumamma.</strong></span> 
     </span>
    </p>
   </div>
   <div class='ocr_carea' id='block_1_2' title="bbox 462 447 2694 2267">
    <p class='ocr_par' dir='ltr' id='par_1_2' title="bbox 633 447 2278 739">
     <span class='ocr_line' id='line_1_2' title="bbox 634 447 2241 536; baseline -0.001 -25"><span class='ocrx_word' id='word_1_5' title='bbox 634 447 793 513; x_wconf 88' lang='lat' dir='ltr'><strong>Plus</strong></span> <span class='ocrx_word' id='word_1_6' title='bbox 840 458 937 512; x_wconf 88' lang='lat' dir='ltr'><strong>est</strong></span> <span class='ocrx_word' id='word_1_7' title='bbox 982 471 1176 536; x_wconf 90' lang='lat' dir='ltr'><strong>quam</strong></span> <span class='ocrx_word' id='word_1_8' title='bbox 1220 469 1429 535; x_wconf 92' lang='lat' dir='ltr'><strong>poena</strong></span> <span class='ocrx_word' id='word_1_9' title='bbox 1475 449 1756 514; x_wconf 88' lang='lat' dir='ltr'><strong>iniuriae</strong></span> <span class='ocrx_word' id='word_1_10' title='bbox 1801 447 2241 512; x_wconf 82' lang='lat' dir='ltr'><strong>succumbere.</strong></span> 
     </span>
     <span class='ocr_line' id='line_1_3' title="bbox 634 543 2278 636; baseline -0.001 -22"><span class='ocrx_word' id='word_1_11' title='bbox 634 551 762 615; x_wconf 91' lang='lat' dir='ltr'><strong>Pro</strong></span> <span class='ocrx_word' id='word_1_12' title='bbox 805 549 1133 614; x_wconf 85' lang='lat' dir='ltr'><strong>medicina</strong></span> <span class='ocrx_word' id='word_1_13' title='bbox 1177 559 1277 615; x_wconf 89' lang='lat' dir='ltr'><strong>est</strong></span> <span class='ocrx_word' id='word_1_14' title='bbox 1322 548 1528 632; x_wconf 87' lang='lat' dir='ltr'><strong>dolor,</strong></span> <span class='ocrx_word' id='word_1_15' title='bbox 1575 549 1863 615; x_wconf 85' lang='lat' dir='ltr'><strong>dolorem</strong></span> <span class='ocrx_word' id='word_1_16' title='bbox 1911 550 2023 636; x_wconf 92' lang='lat' dir='ltr'><strong>qui</strong></span> <span class='ocrx_word' id='word_1_17' title='bbox 2066 543 2278 614; x_wconf 76' lang='lat' dir='ltr'><strong>necat.</strong></span> 
     </span>
     <span class='ocr_line' id='line_1_4' title="bbox 633 650 2148 739; baseline 0.001 -24"><span class='ocrx_word' id='word_1_18' title='bbox 633 653 903 716; x_wconf 91' lang='lat' dir='ltr'><strong>Patiens</strong></span> <span class='ocrx_word' id='word_1_19' title='bbox 951 661 1015 716; x_wconf 90' lang='lat' dir='ltr'><strong>et</strong></span> <span class='ocrx_word' id='word_1_20' title='bbox 1058 652 1247 717; x_wconf 86' lang='lat' dir='ltr'><strong>fortis</strong></span> <span class='ocrx_word' id='word_1_21' title='bbox 1292 673 1363 715; x_wconf 89' lang='lat' dir='ltr'><strong>se</strong></span> <span class='ocrx_word' id='word_1_22' title='bbox 1404 653 1621 739; x_wconf 90' lang='lat' dir='ltr'><strong>ipsum</strong></span> <span class='ocrx_word' id='word_1_23' title='bbox 1665 650 1923 716; x_wconf 85' lang='lat' dir='ltr'><strong>felicem</strong></span> <span class='ocrx_word' id='word_1_24' title='bbox 1968 650 2148 716; x_wconf 86' lang='lat' dir='ltr'><strong>facit.</strong></span> 
     </span>
    </p>

    <p class='ocr_par' dir='ltr' id='par_1_3' title="bbox 466 752 2418 1248">
     <span class='ocr_line' id='line_1_5' title="bbox 466 752 2418 841; baseline -0.001 -24"><span class='ocrx_word' id='word_1_25' title='bbox 466 761 589 819; x_wconf 85' lang='lat'><strong>465</strong></span> <span class='ocrx_word' id='word_1_26' title='bbox 638 753 1023 839; x_wconf 85' lang='lat' dir='ltr'><strong>Prospicere</strong></span> <span class='ocrx_word' id='word_1_27' title='bbox 1067 755 1136 818; x_wconf 88' lang='lat' dir='ltr'><strong>in</strong></span> <span class='ocrx_word' id='word_1_28' title='bbox 1180 775 1341 840; x_wconf 91' lang='lat' dir='ltr'><strong>pace</strong></span> <span class='ocrx_word' id='word_1_29' title='bbox 1386 764 1662 840; x_wconf 86' lang='lat' dir='ltr'><strong>oportet,</strong></span> <span class='ocrx_word' id='word_1_30' title='bbox 1708 752 1880 841; x_wconf 90' lang='lat' dir='ltr'><strong>quod</strong></span> <span class='ocrx_word' id='word_1_31' title='bbox 1928 752 2172 816; x_wconf 86' lang='lat' dir='ltr'><strong>bellum</strong></span> <span class='ocrx_word' id='word_1_32' title='bbox 2215 755 2418 818; x_wconf 85' lang='lat' dir='ltr'><strong>iuvet.</strong></span> 
     </span>
     <span class='ocr_line' id='line_1_6' title="bbox 633 853 2088 924; baseline 0.003 -4"><span class='ocrx_word' id='word_1_33' title='bbox 633 857 877 921; x_wconf 86' lang='lat' dir='ltr'><strong>Parens</strong></span> <span class='ocrx_word' id='word_1_34' title='bbox 922 855 1127 919; x_wconf 86' lang='lat' dir='ltr'><strong>iratus</strong></span> <span class='ocrx_word' id='word_1_35' title='bbox 1173 855 1243 918; x_wconf 90' lang='lat' dir='ltr'><strong>in</strong></span> <span class='ocrx_word' id='word_1_36' title='bbox 1289 877 1359 919; x_wconf 84' lang='lat' dir='ltr'><strong>se</strong></span> <span class='ocrx_word' id='word_1_37' title='bbox 1404 864 1505 920; x_wconf 90' lang='lat' dir='ltr'><strong>est</strong></span> <span class='ocrx_word' id='word_1_38' title='bbox 1549 853 2088 924; x_wconf 78' lang='lat' dir='ltr'><strong>crudelissimus..</strong></span> 
     </span>
     <span class='ocr_line' id='line_1_7' title="bbox 630 955 2314 1039; baseline 0 -19"><span class='ocrx_word' id='word_1_39' title='bbox 630 955 855 1021; x_wconf 83' lang='lat' dir='ltr'><strong>Perdit</strong></span> <span class='ocrx_word' id='word_1_40' title='bbox 896 979 1028 1026; x_wconf 89' lang='lat' dir='ltr'><strong>non</strong></span> <span class='ocrx_word' id='word_1_41' title='bbox 1073 956 1294 1039; x_wconf 82' lang='lat' dir='ltr'><strong>donat,</strong></span> <span class='ocrx_word' id='word_1_42' title='bbox 1341 958 1447 1021; x_wconf 93' lang='lat' dir='ltr'><strong>cui</strong></span> <span class='ocrx_word' id='word_1_43' title='bbox 1493 957 1690 1022; x_wconf 89' lang='lat' dir='ltr'><strong>donat</strong></span> <span class='ocrx_word' id='word_1_44' title='bbox 1734 958 1863 1020; x_wconf 86' lang='lat' dir='ltr'><strong>nisi</strong></span> <span class='ocrx_word' id='word_1_45' title='bbox 1908 966 2006 1022; x_wconf 86' lang='lat' dir='ltr'><strong>est</strong></span> <span class='ocrx_word' id='word_1_46' title='bbox 2049 979 2314 1022; x_wconf 89' lang='lat' dir='ltr'><strong>memor.</strong></span> 
     </span>
     <span class='ocr_line' id='line_1_8' title="bbox 630 1057 2147 1144; baseline 0.001 -22"><span class='ocrx_word' id='word_1_47' title='bbox 630 1059 830 1124; x_wconf 90' lang='lat' dir='ltr'>Probi</span> <span class='ocrx_word' id='word_1_48' title='bbox 875 1057 1114 1122; x_wconf 85' lang='lat' dir='ltr'><strong>delicta</strong></span> <span class='ocrx_word' id='word_1_49' title='bbox 1158 1081 1305 1123; x_wconf 89' lang='lat' dir='ltr'><strong>cum</strong></span> <span class='ocrx_word' id='word_1_50' title='bbox 1348 1058 1681 1144; x_wconf 77' lang='lat' dir='ltr'><strong>neglegas,</strong></span> <span class='ocrx_word' id='word_1_51' title='bbox 1728 1057 1906 1144; x_wconf 88' lang='lat' dir='ltr'><strong>leges</strong></span> <span class='ocrx_word' id='word_1_52' title='bbox 1950 1068 2147 1123; x_wconf 87' lang='lat' dir='ltr'><strong>teras.</strong></span> 
     </span>
     <span class='ocr_line' id='line_1_9' title="bbox 634 1159 2378 1248; baseline 0.001 -26"><span class='ocrx_word' id='word_1_53' title='bbox 634 1159 795 1223; x_wconf 88' lang='lat' dir='ltr'><strong>Pars</strong></span> <span class='ocrx_word' id='word_1_54' title='bbox 842 1160 1118 1225; x_wconf 90' lang='lat' dir='ltr'><strong>benefici</strong></span> <span class='ocrx_word' id='word_1_55' title='bbox 1164 1169 1284 1243; x_wconf 81' lang='lat' dir='ltr'><strong>est,</strong></span> <span class='ocrx_word' id='word_1_56' title='bbox 1333 1159 1510 1248; x_wconf 84' lang='lat' dir='ltr'><strong>quod</strong></span> <span class='ocrx_word' id='word_1_57' title='bbox 1553 1161 1796 1247; x_wconf 85' lang='lat' dir='ltr'><strong>petitur</strong></span> <span class='ocrx_word' id='word_1_58' title='bbox 1841 1163 1899 1225; x_wconf 89' lang='lat' dir='ltr'><strong>si</strong></span> <span class='ocrx_word' id='word_1_59' title='bbox 1942 1159 2113 1225; x_wconf 88' lang='lat' dir='ltr'><strong>belle</strong></span> <span class='ocrx_word' id='word_1_60' title='bbox 2156 1182 2378 1246; x_wconf 83' lang='lat' dir='ltr'><strong>neges.</strong></span> 
     </span>
    </p>

    <p class='ocr_par' dir='ltr' id='par_1_4' title="bbox 462 1260 2513 1757">
     <span class='ocr_line' id='line_1_10' title="bbox 462 1260 2310 1350; baseline 0 -25"><span class='ocrx_word' id='word_1_61' title='bbox 462 1268 588 1326; x_wconf 88' lang='grc'><strong>470</strong></span> <span class='ocrx_word' id='word_1_62' title='bbox 631 1262 989 1349; x_wconf 78' lang='lat' dir='ltr'><strong>Properate</strong></span> <span class='ocrx_word' id='word_1_63' title='bbox 1033 1263 1102 1325; x_wconf 96' lang='lat' dir='ltr'><strong>in</strong></span> <span class='ocrx_word' id='word_1_64' title='bbox 1146 1260 1501 1327; x_wconf 85' lang='lat' dir='ltr'><strong>iudicando</strong></span> <span class='ocrx_word' id='word_1_65' title='bbox 1547 1271 1648 1326; x_wconf 90' lang='lat' dir='ltr'><strong>est</strong></span> <span class='ocrx_word' id='word_1_66' title='bbox 1692 1263 1938 1326; x_wconf 87' lang='lat' dir='ltr'><strong>crimen</strong></span> <span class='ocrx_word' id='word_1_67' title='bbox 1981 1281 2310 1350; x_wconf 86' lang='lat' dir='ltr'><strong>quaerere.</strong></span> 
     </span>
     <span class='ocr_line' id='line_1_11' title="bbox 638 1361 2513 1451; baseline 0.001 -26"><span class='ocrx_word' id='word_1_68' title='bbox 638 1361 881 1449; x_wconf 80' lang='lat' dir='ltr'><strong>Populi·</strong></span> <span class='ocrx_word' id='word_1_69' title='bbox 920 1372 1020 1427; x_wconf 90' lang='lat' dir='ltr'><strong>est</strong></span> <span class='ocrx_word' id='word_1_70' title='bbox 1062 1365 1481 1451; x_wconf 80' lang='lat' dir='ltr'><strong>mancipium,</strong></span> <span class='ocrx_word' id='word_1_71' title='bbox 1531 1365 1826 1451; x_wconf 82' lang='lat' dir='ltr'><strong>quisquis</strong></span> <span class='ocrx_word' id='word_1_72' title='bbox 1871 1366 2122 1451; x_wconf 81' lang='lat' dir='ltr'><strong>patriae</strong></span> <span class='ocrx_word' id='word_1_73' title='bbox 2169 1374 2268 1429; x_wconf 89' lang='lat' dir='ltr'><strong>est</strong></span> <span class='ocrx_word' id='word_1_74' title='bbox 2311 1364 2513 1430; x_wconf 86' lang='lat' dir='ltr'><strong>utilis.</strong></span> 
     </span>
     <span class='ocr_line' id='line_1_12' title="bbox 631 1464 2129 1553; baseline 0.001 -26"><span class='ocrx_word' id='word_1_75' title='bbox 631 1464 759 1528; x_wconf 92' lang='lat' dir='ltr'><strong>Per</strong></span> <span class='ocrx_word' id='word_1_76' title='bbox 803 1486 970 1550; x_wconf 89' lang='lat' dir='ltr'><strong>quae</strong></span> <span class='ocrx_word' id='word_1_77' title='bbox 1015 1466 1107 1529; x_wconf 89' lang='lat' dir='ltr'><strong>sis</strong></span> <span class='ocrx_word' id='word_1_78' title='bbox 1150 1474 1354 1549; x_wconf 87' lang='lat' dir='ltr'><strong>tutus,</strong></span> <span class='ocrx_word' id='word_1_79' title='bbox 1400 1465 1516 1529; x_wconf 90' lang='lat' dir='ltr'><strong>illa</strong></span> <span class='ocrx_word' id='word_1_80' title='bbox 1560 1487 1815 1553; x_wconf 84' lang='lat' dir='ltr'><strong>semper</strong></span> <span class='ocrx_word' id='word_1_81' title='bbox 1859 1467 2129 1551; x_wconf 84' lang='lat' dir='ltr'><strong>cogites.</strong></span> 
     </span>
     <span class='ocr_line' id='line_1_13' title="bbox 632 1565 2408 1656; baseline 0.002 -27"><span class='ocrx_word' id='word_1_82' title='bbox 632 1565 990 1652; x_wconf 87' lang='lat' dir='ltr'><strong>Perfugere</strong></span> <span class='ocrx_word' id='word_1_83' title='bbox 1032 1566 1117 1630; x_wconf 86' lang='lat' dir='ltr'><strong>ad</strong></span> <span class='ocrx_word' id='word_1_84' title='bbox 1160 1567 1562 1650; x_wconf 86' lang='lat' dir='ltr'><strong>inferiorem,</strong></span> <span class='ocrx_word' id='word_1_85' title='bbox 1613 1590 1683 1632; x_wconf 91' lang='lat' dir='ltr'><strong>se</strong></span> <span class='ocrx_word' id='word_1_86' title='bbox 1725 1570 1941 1656; x_wconf 88' lang='lat' dir='ltr'><strong>ipsum</strong></span> <span class='ocrx_word' id='word_1_87' title='bbox 1989 1577 2087 1633; x_wconf 88' lang='lat' dir='ltr'><strong>est</strong></span> <span class='ocrx_word' id='word_1_88' title='bbox 2130 1568 2408 1632; x_wconf 87' lang='lat' dir='ltr'><strong>tradere.</strong></span> 
     </span>
     <span class='ocr_line' id='line_1_14' title="bbox 632 1668 2183 1757; baseline 0.002 -26"><span class='ocrx_word' id='word_1_89' title='bbox 632 1668 983 1732; x_wconf 88' lang='lat' dir='ltr'><strong>Peccatum</strong></span> <span class='ocrx_word' id='word_1_90' title='bbox 1026 1669 1220 1733; x_wconf 86' lang='lat' dir='ltr'><strong>amici</strong></span> <span class='ocrx_word' id='word_1_91' title='bbox 1266 1669 1476 1734; x_wconf 90' lang='lat' dir='ltr'><strong>veluti</strong></span> <span class='ocrx_word' id='word_1_92' title='bbox 1519 1680 1706 1736; x_wconf 90' lang='lat' dir='ltr'><strong>tuum</strong></span> <span class='ocrx_word' id='word_1_93' title='bbox 1749 1679 1928 1735; x_wconf 90' lang='lat' dir='ltr'><strong>recte</strong></span> <span class='ocrx_word' id='word_1_94' title='bbox 1972 1679 2183 1757; x_wconf 90' lang='lat' dir='ltr'><strong>putes.</strong></span> 
     </span>
    </p>

    <p class='ocr_par' dir='ltr' id='par_1_5' title="bbox 462 1770 2377 2165">
     <span class='ocr_line' id='line_1_15' title="bbox 462 1770 2092 1858; baseline 0.001 -24"><span class='ocrx_word' id='word_1_95' title='bbox 462 1776 586 1834; x_wconf 86' lang='lat'><strong>475</strong></span> <span class='ocrx_word' id='word_1_96' title='bbox 631 1770 873 1835; x_wconf 92' lang='lat' dir='ltr'><strong>Potens</strong></span> <span class='ocrx_word' id='word_1_97' title='bbox 919 1771 1289 1836; x_wconf 85' lang='lat' dir='ltr'><strong>misericors</strong></span> <span class='ocrx_word' id='word_1_98' title='bbox 1336 1771 1602 1858; x_wconf 89' lang='lat' dir='ltr'><strong>publica</strong></span> <span class='ocrx_word' id='word_1_99' title='bbox 1645 1781 1745 1836; x_wconf 87' lang='lat' dir='ltr'><strong>est</strong></span> <span class='ocrx_word' id='word_1_100' title='bbox 1791 1771 2092 1836; x_wconf 84' lang='lat' dir='ltr'><strong>felicitas.</strong></span> 
     </span>
     <span class='ocr_line' id='line_1_16' title="bbox 631 1865 2377 1962; baseline 0.001 -26"><span class='ocrx_word' id='word_1_101' title='bbox 631 1872 947 1936; x_wconf 86' lang='lat' dir='ltr'><strong>Praesens</strong></span> <span class='ocrx_word' id='word_1_102' title='bbox 995 1881 1094 1937; x_wconf 88' lang='lat' dir='ltr'><strong>est</strong></span> <span class='ocrx_word' id='word_1_103' title='bbox 1139 1895 1418 1962; x_wconf 82' lang='lat' dir='ltr'><strong>semper,</strong></span> <span class='ocrx_word' id='word_1_104' title='bbox 1467 1874 1702 1939; x_wconf 90' lang='lat' dir='ltr'><strong>absens</strong></span> <span class='ocrx_word' id='word_1_105' title='bbox 1749 1875 1860 1961; x_wconf 91' lang='lat' dir='ltr'><strong>qui</strong></span> <span class='ocrx_word' id='word_1_106' title='bbox 1907 1865 1976 1939; x_wconf 84' lang='lat' dir='ltr'><strong>se</strong></span> <span class='ocrx_word' id='word_1_107' title='bbox 2019 1873 2377 1939; x_wconf 85' lang='lat' dir='ltr'><strong>ulciscitur.</strong></span> 
     </span>
     <span class='ocr_line' id='line_1_17' title="bbox 631 1974 2177 2063; baseline 0.002 -26"><span class='ocrx_word' id='word_1_108' title='bbox 631 1974 950 2038; x_wconf 88' lang='lat' dir='ltr'><strong>Perfacile</strong></span> <span class='ocrx_word' id='word_1_109' title='bbox 995 1974 1159 2039; x_wconf 84' lang='lat' dir='ltr'><strong>felix</strong></span> <span class='ocrx_word' id='word_1_110' title='bbox 1204 1974 1379 2062; x_wconf 86' lang='lat' dir='ltr'><strong>quod</strong></span> <span class='ocrx_word' id='word_1_111' title='bbox 1429 1986 1580 2040; x_wconf 85' lang='lat' dir='ltr'><strong>vota</strong></span> <span class='ocrx_word' id='word_1_112' title='bbox 1631 1977 1955 2063; x_wconf 85' lang='lat' dir='ltr'><strong>imperant</strong></span> <span class='ocrx_word' id='word_1_113' title='bbox 1997 1976 2177 2040; x_wconf 88' lang='lat' dir='ltr'><strong>facit.</strong></span> 
     </span>
     <span class='ocr_line' id='line_1_18' title="bbox 631 2077 2208 2165; baseline 0 -25"><span class='ocrx_word' id='word_1_114' title='bbox 631 2077 915 2140; x_wconf 91' lang='lat' dir='ltr'><strong>Poenam</strong></span> <span class='ocrx_word' id='word_1_115' title='bbox 960 2086 1251 2142; x_wconf 90' lang='lat' dir='ltr'><strong>moratur</strong></span> <span class='ocrx_word' id='word_1_116' title='bbox 1294 2077 1651 2165; x_wconf 86' lang='lat' dir='ltr'><strong>improbus,</strong></span> <span class='ocrx_word' id='word_1_117' title='bbox 1697 2100 1829 2142; x_wconf 91' lang='lat' dir='ltr'><strong>non</strong></span> <span class='ocrx_word' id='word_1_118' title='bbox 1874 2079 2208 2164; x_wconf 89' lang='lat' dir='ltr'><strong>praeterit.</strong></span> 
     </span>
    </p>

    <p class='ocr_par' dir='ltr' id='par_1_6' title="bbox 546 2177 2694 2267">
     <span class='ocr_line' id='line_1_19' title="bbox 546 2177 2694 2267; baseline 0 -25"><span class='ocrx_word' id='word_1_119' title='bbox 546 2178 550 2181; x_wconf 64' lang='grc'>’</span> <span class='ocrx_word' id='word_1_120' title='bbox 629 2177 1011 2243; x_wconf 79' lang='lat' dir='ltr'><strong>Perdidisse</strong></span> <span class='ocrx_word' id='word_1_121' title='bbox 1059 2178 1375 2266; x_wconf 76' lang='lat' dir='ltr'><strong>[honeste]</strong></span> <span class='ocrx_word' id='word_1_122' title='bbox 1424 2179 1710 2260; x_wconf 87' lang='lat' dir='ltr'><strong>mallem,</strong></span> <span class='ocrx_word' id='word_1_123' title='bbox 1761 2202 1956 2267; x_wconf 84' lang='lat' dir='ltr'><strong>quam</strong></span> <span class='ocrx_word' id='word_1_124' title='bbox 2003 2181 2338 2266; x_wconf 80' lang='lat' dir='ltr'><strong>accepisse</strong></span> <span class='ocrx_word' id='word_1_125' title='bbox 2382 2179 2694 2267; x_wconf 72' lang='lat' dir='ltr'><strong>turpiter.</strong></span> 
     </span>
    </p>
   </div>
   <div class='ocr_carea' id='block_1_3' title="bbox 462 2335 867 2344">
    <p class='ocr_par' dir='ltr' id='par_1_7' title="bbox 462 2335 867 2344">
     <span class='ocr_line' id='line_1_20' title="bbox 462 2335 867 2344; baseline 0 2606"><span class='ocrx_word' id='word_1_126' title='bbox 462 2335 867 2344; x_wconf 95' lang='lat' dir='ltr'><strong> </strong></span> 
     </span>
    </p>
   </div>
   <div class='ocr_carea' id='block_1_4' title="bbox 462 2422 1433 2499">
    <p class='ocr_par' dir='ltr' id='par_1_8' title="bbox 462 2422 1433 2499">
     <span class='ocr_line' id='line_1_21' title="bbox 462 2422 1433 2499; baseline 0 -16"><span class='ocrx_word' id='word_1_127' title='bbox 462 2437 730 2483; x_wconf 74' lang='lat' dir='ltr'><strong>comens</strong></span> <span class='ocrx_word' id='word_1_128' title='bbox 762 2441 811 2480; x_wconf 87' lang='lat' dir='ltr'><strong>v.</strong></span> <span class='ocrx_word' id='word_1_129' title='bbox 844 2422 1211 2484; x_wconf 85' lang='lat'><strong>450—-500:</strong></span> <span class='ocrx_word' id='word_1_130' title='bbox 1256 2426 1313 2482; x_wconf 99' lang='lat' dir='ltr'><em>F</em></span> <span class='ocrx_word' id='word_1_131' title='bbox 1338 2424 1433 2499; x_wconf 87' lang='lat' dir='ltr'><strong>(T)</strong></span> 
     </span>
    </p>
   </div>
   <div class='ocr_carea' id='block_1_5' title="bbox 462 2542 2760 2704">
    <p class='ocr_par' dir='ltr' id='par_1_9' title="bbox 462 2542 2760 2704">
     <span class='ocr_line' id='line_1_22' title="bbox 462 2542 2760 2618; baseline -0.002 -17"><span class='ocrx_word' id='word_1_132' title='bbox 462 2543 519 2615; x_wconf 87' lang='lat'><strong>9,</strong></span> <span class='ocrx_word' id='word_1_133' title='bbox 553 2542 611 2598; x_wconf 88' lang='grc'><strong>4.</strong></span> <span class='ocrx_word' id='word_1_134' title='bbox 673 2542 851 2599; x_wconf 83' lang='lat' dir='ltr'><strong>Poena</strong></span> <span class='ocrx_word' id='word_1_135' title='bbox 882 2544 947 2599; x_wconf 85' lang='lat' dir='ltr'><strong>ad</strong></span> <span class='ocrx_word' id='word_1_136' title='bbox 978 2561 1046 2599; x_wconf 89' lang='lat' dir='ltr'><strong>m.</strong></span> <span class='ocrx_word' id='word_1_137' title='bbox 1080 2561 1204 2600; x_wconf 90' lang='lat' dir='ltr'><strong>sero</strong></span> <span class='ocrx_word' id='word_1_138' title='bbox 1236 2545 1396 2618; x_wconf 82' lang='lat' dir='ltr'><strong>pede,</strong></span> <span class='ocrx_word' id='word_1_139' title='bbox 1428 2554 1484 2602; x_wconf 86' lang='lat' dir='ltr'><strong>at</strong></span> <span class='ocrx_word' id='word_1_140' title='bbox 1514 2554 1667 2601; x_wconf 85' lang='lat' dir='ltr'><strong>certo</strong></span> <span class='ocrx_word' id='word_1_141' title='bbox 1701 2546 1852 2601; x_wconf 88' lang='lat' dir='ltr'><strong>venit</strong></span> <span class='ocrx_word' id='word_1_142' title='bbox 1881 2546 2121 2616; x_wconf 80' lang='lat' dir='ltr'><strong>Maehly</strong></span> <span class='ocrx_word' id='word_1_143' title='bbox 2313 2542 2436 2601; x_wconf 87' lang='grc'><strong>463</strong></span> <span class='ocrx_word' id='word_1_144' title='bbox 2484 2552 2568 2600; x_wconf 86' lang='lat' dir='ltr'><strong>est</strong></span> <span class='ocrx_word' id='word_1_145' title='bbox 2601 2543 2760 2600; x_wconf 86' lang='lat' dir='ltr'><strong>dolor</strong></span> 
     </span>
     <span class='ocr_line' id='line_1_23' title="bbox 462 2628 2758 2704; baseline -0.001 -19"><span class='ocrx_word' id='word_1_146' title='bbox 462 2628 723 2702; x_wconf 81' lang='lat' dir='ltr'><strong>Inqolst.:</strong></span> <span class='ocrx_word' id='word_1_147' title='bbox 754 2628 807 2683; x_wconf 92' lang='lat' dir='ltr'><strong>d.</strong></span> <span class='ocrx_word' id='word_1_148' title='bbox 842 2637 927 2685; x_wconf 91' lang='lat' dir='ltr'><strong>est</strong></span> <span class='ocrx_word' id='word_1_149' title='bbox 956 2630 1011 2685; x_wconf 91' lang='lat' dir='ltr'><em>F</em></span> <span class='ocrx_word' id='word_1_150' title='bbox 1178 2629 1423 2686; x_wconf 87' lang='lat' dir='ltr'><strong>dolorem</strong></span> <span class='ocrx_word' id='word_1_151' title='bbox 1456 2632 1548 2704; x_wconf 93' lang='lat' dir='ltr'><strong>qui</strong></span> <span class='ocrx_word' id='word_1_152' title='bbox 1581 2632 1826 2687; x_wconf 80' lang='lat' dir='ltr'><strong>Gruter.-</strong></span> <span class='ocrx_word' id='word_1_153' title='bbox 1872 2632 1964 2704; x_wconf 91' lang='lat' dir='ltr'><strong>qui</strong></span> <span class='ocrx_word' id='word_1_154' title='bbox 1994 2630 2238 2686; x_wconf 86' lang='lat' dir='ltr'><strong>dolorem</strong></span> <span class='ocrx_word' id='word_1_155' title='bbox 2270 2629 2327 2684; x_wconf 97' lang='lat' dir='ltr'><em>F</em></span> <span class='ocrx_word' id='word_1_156' title='bbox 2333 2653 2352 2692; x_wconf 89' lang='lat'><em>;</em></span> <span class='ocrx_word' id='word_1_157' title='bbox 2397 2636 2481 2685; x_wconf 89' lang='lat' dir='ltr'><strong>est</strong></span> <span class='ocrx_word' id='word_1_158' title='bbox 2509 2629 2758 2686; x_wconf 86' lang='lat' dir='ltr'><strong>dolorem</strong></span> 
     </span>
    </p>
   </div>
   <div class='ocr_carea' id='block_1_6' title="bbox 366 2712 2757 2788">
    <p class='ocr_par' dir='ltr' id='par_1_10' title="bbox 366 2712 2757 2788">
     <span class='ocr_line' id='line_1_24' title="bbox 366 2712 2757 2788; baseline 0.001 -21"><span class='ocrx_word' id='word_1_159' title='bbox 366 2712 382 2724; x_wconf 77' lang='lat'><strong>‘</strong></span> <span class='ocrx_word' id='word_1_160' title='bbox 461 2715 553 2787; x_wconf 90' lang='lat' dir='ltr'><strong>qui</strong></span> <span class='ocrx_word' id='word_1_161' title='bbox 585 2713 746 2769; x_wconf 86' lang='lat' dir='ltr'><strong>dolor</strong></span> <span class='ocrx_word' id='word_1_162' title='bbox 779 2722 965 2770; x_wconf 82' lang='lat' dir='ltr'><strong>enecat</strong></span> <span class='ocrx_word' id='word_1_163' title='bbox 996 2714 1185 2771; x_wconf 79' lang='lat' dir='ltr'><strong>Bothe</strong></span> <span class='ocrx_word' id='word_1_164' title='bbox 1355 2714 1482 2776; x_wconf 70' lang='lat'><strong>,464</strong></span> <span class='ocrx_word' id='word_1_165' title='bbox 1529 2717 1616 2771; x_wconf 85' lang='lat' dir='ltr'><strong>An</strong></span> <span class='ocrx_word' id='word_1_166' title='bbox 1650 2716 1865 2788; x_wconf 82' lang='lat' dir='ltr'><strong>sapiens</strong></span> <span class='ocrx_word' id='word_1_167' title='bbox 1897 2722 1952 2771; x_wconf 92' lang='lat' dir='ltr'><strong>et</strong></span> <span class='ocrx_word' id='word_1_168' title='bbox 1994 2714 2188 2770; x_wconf 81' lang='lat' dir='ltr'><strong>sortis?</strong></span> <span class='ocrx_word' id='word_1_169' title='bbox 2241 2712 2355 2771; x_wconf 83' lang='lat' dir='ltr'><strong>Cic.</strong></span> <span class='ocrx_word' id='word_1_170' title='bbox 2396 2714 2564 2771; x_wconf 82' lang='lat' dir='ltr'><strong>Tusc.</strong></span> <span class='ocrx_word' id='word_1_171' title='bbox 2605 2714 2666 2785; x_wconf 80' lang='lat'><strong>3,</strong></span> <span class='ocrx_word' id='word_1_172' title='bbox 2701 2714 2757 2783; x_wconf 84' lang='lat'><strong>7,</strong></span> 
     </span>
    </p>
   </div>
   <div class='ocr_carea' id='block_1_7' title="bbox 407 2797 2756 4399">
    <p class='ocr_par' dir='ltr' id='par_1_11' title="bbox 407 2797 2756 4399">
     <span class='ocr_line' id='line_1_25' title="bbox 463 2797 2756 2872; baseline -0.001 -19"><span class='ocrx_word' id='word_1_173' title='bbox 463 2797 559 2853; x_wconf 78' lang='lat'><strong>14.</strong></span> <span class='ocrx_word' id='word_1_174' title='bbox 594 2800 745 2854; x_wconf 85' lang='lat' dir='ltr'><strong>Hor.</strong></span> <span class='ocrx_word' id='word_1_175' title='bbox 780 2798 901 2855; x_wconf 83' lang='lat' dir='ltr'><strong>Sat.</strong></span> <span class='ocrx_word' id='word_1_176' title='bbox 940 2799 1009 2870; x_wconf 94' lang='grc'><strong>2,</strong></span> <span class='ocrx_word' id='word_1_177' title='bbox 1047 2800 1103 2871; x_wconf 89' lang='grc'>1,</span> <span class='ocrx_word' id='word_1_178' title='bbox 1140 2800 1237 2857; x_wconf 89' lang='grc'><strong>16.</strong></span> <span class='ocrx_word' id='word_1_179' title='bbox 1275 2800 1441 2856; x_wconf 73' lang='lat' dir='ltr'><strong>Coeo.</strong></span> <span class='ocrx_word' id='word_1_180' title='bbox 1477 2800 1650 2856; x_wconf 79' lang='lat' dir='ltr'><strong>Balb.</strong></span> <span class='ocrx_word' id='word_1_181' title='bbox 1683 2800 1916 2856; x_wconf 82' lang='lat' dir='ltr'><strong>Monac.</strong></span> <span class='ocrx_word' id='word_1_182' title='bbox 1953 2800 2012 2871; x_wconf 91' lang='grc'><strong>2,</strong></span> <span class='ocrx_word' id='word_1_183' title='bbox 2046 2799 2102 2854; x_wconf 89' lang='grc'><strong>2.</strong></span> <span class='ocrx_word' id='word_1_184' title='bbox 2132 2817 2230 2872; x_wconf 85' lang='lat' dir='ltr'><strong>pq.</strong></span> <span class='ocrx_word' id='word_1_185' title='bbox 2267 2799 2349 2855; x_wconf 82' lang='lat'><strong>20</strong></span> <span class='ocrx_word' id='word_1_186' title='bbox 2529 2797 2659 2856; x_wconf 87' lang='grc'><strong>465</strong></span> <span class='ocrx_word' id='word_1_187' title='bbox 2704 2799 2756 2852; x_wconf 91' lang='lat' dir='ltr'><strong>in</strong></span> 
     </span>
     <span class='ocr_line' id='line_1_26' title="bbox 456 2880 2582 2960; baseline 0 -22"><span class='ocrx_word' id='word_1_188' title='bbox 456 2899 588 2956; x_wconf 89' lang='lat' dir='ltr'><strong>pace</strong></span> <span class='ocrx_word' id='word_1_189' title='bbox 620 2901 709 2957; x_wconf 90' lang='lat' dir='ltr'><strong>op.</strong></span> <span class='ocrx_word' id='word_1_190' title='bbox 748 2884 991 2940; x_wconf 86' lang='lat' dir='ltr'><strong>Gruter.-</strong></span> <span class='ocrx_word' id='word_1_191' title='bbox 1038 2901 1127 2957; x_wconf 91' lang='lat' dir='ltr'><strong>op.</strong></span> <span class='ocrx_word' id='word_1_192' title='bbox 1159 2885 1215 2939; x_wconf 91' lang='lat' dir='ltr'><strong>in</strong></span> <span class='ocrx_word' id='word_1_193' title='bbox 1246 2902 1299 2958; x_wconf 94' lang='lat' dir='ltr'><strong>p.</strong></span> <span class='ocrx_word' id='word_1_194' title='bbox 1334 2886 1392 2940; x_wconf 87' lang='lat' dir='ltr'><em>F</em></span> <span class='ocrx_word' id='word_1_195' title='bbox 1558 2880 1732 2960; x_wconf 78' lang='lat' dir='ltr'><strong>quod]</strong></span> <span class='ocrx_word' id='word_1_196' title='bbox 1769 2884 1897 2958; x_wconf 90' lang='lat' dir='ltr'><strong>quid</strong></span> <span class='ocrx_word' id='word_1_197' title='bbox 1935 2887 2182 2941; x_wconf 80' lang='lat' dir='ltr'><strong>editores</strong></span> <span class='ocrx_word' id='word_1_198' title='bbox 2195 2908 2215 2947; x_wconf 89' lang='lat'><strong>,·</strong></span> <span class='ocrx_word' id='word_1_199' title='bbox 2259 2884 2340 2956; x_wconf 83' lang='lat' dir='ltr'><strong>cf.</strong></span> <span class='ocrx_word' id='word_1_200' title='bbox 2373 2902 2468 2957; x_wconf 85' lang='lat' dir='ltr'><strong>pq.</strong></span> <span class='ocrx_word' id='word_1_201' title='bbox 2503 2882 2582 2939; x_wconf 83' lang='lat'><strong>54</strong></span> 
     </span>
     <span class='ocr_line' id='line_1_27' title="bbox 458 2966 2756 3043; baseline -0.001 -20"><span class='ocrx_word' id='word_1_202' title='bbox 458 2966 553 3023; x_wconf 71' lang='lat' dir='ltr'><strong>Aa</strong></span> <span class='ocrx_word' id='word_1_203' title='bbox 580 2972 925 3025; x_wconf 80' lang='lat' dir='ltr'><strong>sententiam</strong></span> <span class='ocrx_word' id='word_1_204' title='bbox 956 2969 1038 3042; x_wconf 81' lang='lat' dir='ltr'><strong>cf.</strong></span> <span class='ocrx_word' id='word_1_205' title='bbox 1075 2968 1156 3025; x_wconf 78' lang='lat' dir='ltr'><strong>‘Si</strong></span> <span class='ocrx_word' id='word_1_206' title='bbox 1190 2971 1266 3023; x_wconf 88' lang='lat' dir='ltr'><strong>vis</strong></span> <span class='ocrx_word' id='word_1_207' title='bbox 1297 2986 1504 3042; x_wconf 80' lang='lat' dir='ltr'><strong>pacem,</strong></span> <span class='ocrx_word' id='word_1_208' title='bbox 1534 2986 1660 3043; x_wconf 81' lang='lat' dir='ltr'><strong>para</strong></span> <span class='ocrx_word' id='word_1_209' title='bbox 1690 2968 1940 3025; x_wconf 61' lang='lat' dir='ltr'><strong>bellum!</strong></span> <span class='ocrx_word' id='word_1_210' title='bbox 2113 2967 2234 3025; x_wconf 84' lang='lat'><strong>467</strong></span> <span class='ocrx_word' id='word_1_211' title='bbox 2283 2970 2368 3025; x_wconf 87' lang='lat' dir='ltr'><strong>cui</strong></span> <span class='ocrx_word' id='word_1_212' title='bbox 2400 2969 2587 3024; x_wconf 69' lang='lat' dir='ltr'><strong>Bothe</strong></span> <span class='ocrx_word' id='word_1_213' title='bbox 2607 2994 2621 3022; x_wconf 89' lang='lat'><strong>.-</strong></span> <span class='ocrx_word' id='word_1_214' title='bbox 2668 2966 2756 3041; x_wconf 89' lang='lat' dir='ltr'><strong>qui</strong></span> 
     </span>
     <span class='ocr_line' id='line_1_28' title="bbox 457 3048 2756 3127; baseline 0 -20"><span class='ocrx_word' id='word_1_215' title='bbox 457 3054 530 3123; x_wconf 83' lang='lat' dir='ltr'><em>F,</em></span> <span class='ocrx_word' id='word_1_216' title='bbox 575 3054 705 3125; x_wconf 90' lang='lat' dir='ltr'><strong>quoi</strong></span> <span class='ocrx_word' id='word_1_217' title='bbox 737 3054 1093 3110; x_wconf 76' lang='lat' dir='ltr'><strong>Ribbeckius</strong></span> <span class='ocrx_word' id='word_1_218' title='bbox 1262 3054 1431 3110; x_wconf 86' lang='lat' dir='ltr'><strong>donat</strong></span> <span class='ocrx_word' id='word_1_219' title='bbox 1475 3054 1720 3111; x_wconf 82' lang='lat' dir='ltr'><strong>Gruter:</strong></span> <span class='ocrx_word' id='word_1_220' title='bbox 1765 3053 1854 3109; x_wconf 86' lang='lat' dir='ltr'><strong>dat</strong></span> <span class='ocrx_word' id='word_1_221' title='bbox 1885 3055 1942 3110; x_wconf 97' lang='lat' dir='ltr'><em>F</em></span> <span class='ocrx_word' id='word_1_222' title='bbox 2109 3069 2316 3109; x_wconf 87' lang='lat' dir='ltr'><strong>memor</strong></span> <span class='ocrx_word' id='word_1_223' title='bbox 2343 3048 2606 3127; x_wconf 78' lang='lat' dir='ltr'><strong>Inq&#39;otst..·</strong></span> <span class='ocrx_word' id='word_1_224' title='bbox 2651 3068 2756 3107; x_wconf 91' lang='lat' dir='ltr'><strong>me-</strong></span> 
     </span>
     <span class='ocr_line' id='line_1_29' title="bbox 458 3137 2586 3210; baseline 0.001 -19"><span class='ocrx_word' id='word_1_225' title='bbox 458 3138 625 3191; x_wconf 85' lang='lat' dir='ltr'><strong>moria</strong></span> <span class='ocrx_word' id='word_1_226' title='bbox 670 3137 740 3192; x_wconf 90' lang='lat' dir='ltr'><strong>F.</strong></span> <span class='ocrx_word' id='word_1_227' title='bbox 830 3137 1047 3210; x_wconf 69' lang='lat' dir='ltr'><strong>Perdis»,</strong></span> <span class='ocrx_word' id='word_1_228' title='bbox 1102 3154 1213 3193; x_wconf 85' lang='lat' dir='ltr'><strong>non</strong></span> <span class='ocrx_word' id='word_1_229' title='bbox 1264 3138 1464 3210; x_wconf 63' lang='lat' dir='ltr'><strong>donam,</strong></span> <span class='ocrx_word' id='word_1_230' title='bbox 1521 3140 1622 3195; x_wconf 89' lang='lat' dir='ltr'><strong>nisi</strong></span> <span class='ocrx_word' id='word_1_231' title='bbox 1677 3140 1748 3194; x_wconf 92' lang='lat' dir='ltr'><strong>sit</strong></span> <span class='ocrx_word' id='word_1_232' title='bbox 1790 3140 1876 3195; x_wconf 87' lang='lat' dir='ltr'><strong>cui</strong></span> <span class='ocrx_word' id='word_1_233' title='bbox 1925 3138 2092 3195; x_wconf 84' lang='lat' dir='ltr'><strong>donas</strong></span> <span class='ocrx_word' id='word_1_234' title='bbox 2148 3154 2354 3193; x_wconf 86' lang='lat' dir='ltr'><strong>memor</strong></span> <span class='ocrx_word' id='word_1_235' title='bbox 2396 3138 2586 3194; x_wconf 75' lang='lat' dir='ltr'><strong>Bothe</strong></span> 
     </span>
     <span class='ocr_line' id='line_1_30' title="bbox 458 3220 2753 3297; baseline -0.001 -21"><span class='ocrx_word' id='word_1_236' title='bbox 458 3220 581 3277; x_wconf 83' lang='lat'><strong>468</strong></span> <span class='ocrx_word' id='word_1_237' title='bbox 629 3220 784 3295; x_wconf 89' lang='lat' dir='ltr'><strong>probi</strong></span> <span class='ocrx_word' id='word_1_238' title='bbox 815 3223 1077 3295; x_wconf 79' lang='lat' dir='ltr'><strong>Inqolst..·</strong></span> <span class='ocrx_word' id='word_1_239' title='bbox 1106 3222 1277 3296; x_wconf 86' lang='lat' dir='ltr'><strong>probe</strong></span> <span class='ocrx_word' id='word_1_240' title='bbox 1308 3223 1365 3277; x_wconf 91' lang='lat' dir='ltr'><em>F</em></span> <span class='ocrx_word' id='word_1_241' title='bbox 1531 3221 1567 3257; x_wconf 79' lang='lat'>*</span> <span class='ocrx_word' id='word_1_242' title='bbox 1598 3240 1718 3279; x_wconf 87' lang='lat' dir='ltr'><strong>cum</strong></span> <span class='ocrx_word' id='word_1_243' title='bbox 1751 3223 2033 3297; x_wconf 65' lang='lat' dir='ltr'><strong>neglegas,</strong></span> <span class='ocrx_word' id='word_1_244' title='bbox 2064 3223 2216 3297; x_wconf 82' lang='lat' dir='ltr'><strong>leges</strong></span> <span class='ocrx_word' id='word_1_245' title='bbox 2249 3226 2420 3278; x_wconf 77' lang='lat' dir='ltr'><strong>teras:</strong></span> <span class='ocrx_word' id='word_1_246' title='bbox 2452 3239 2574 3278; x_wconf 89' lang='lat' dir='ltr'><strong>cum</strong></span> <span class='ocrx_word' id='word_1_247' title='bbox 2606 3222 2753 3295; x_wconf 84' lang='lat' dir='ltr'><strong>legas</strong></span> 
     </span>
     <span class='ocr_line' id='line_1_31' title="bbox 459 3306 2752 3382; baseline -0 -23"><span class='ocrx_word' id='word_1_248' title='bbox 459 3306 672 3364; x_wconf 83' lang='lat' dir='ltr'><strong>deteras</strong></span> <span class='ocrx_word' id='word_1_249' title='bbox 702 3307 774 3378; x_wconf 81' lang='lat' dir='ltr'><em>F,</em></span> <span class='ocrx_word' id='word_1_250' title='bbox 817 3307 1050 3364; x_wconf 83' lang='lat' dir='ltr'><strong>iudicum</strong></span> <span class='ocrx_word' id='word_1_251' title='bbox 1093 3308 1246 3381; x_wconf 84' lang='lat' dir='ltr'><strong>leges</strong></span> <span class='ocrx_word' id='word_1_252' title='bbox 1291 3316 1474 3364; x_wconf 86' lang='lat' dir='ltr'><strong>terunt</strong></span> <span class='ocrx_word' id='word_1_253' title='bbox 1519 3311 1709 3382; x_wconf 80' lang='lat' dir='ltr'><strong>vulqo‚</strong></span> <span class='ocrx_word' id='word_1_254' title='bbox 1758 3327 1834 3364; x_wconf 83' lang='lat' dir='ltr'><strong>an</strong></span> <span class='ocrx_word' id='word_1_255' title='bbox 1865 3307 2021 3382; x_wconf 90' lang='lat' dir='ltr'><strong>probi</strong></span> <span class='ocrx_word' id='word_1_256' title='bbox 2052 3307 2247 3364; x_wconf 83' lang='lat' dir='ltr'><strong>delicto</strong></span> <span class='ocrx_word' id='word_1_257' title='bbox 2278 3309 2570 3382; x_wconf 85' lang='lat' dir='ltr'><strong>ignoscens</strong></span> <span class='ocrx_word' id='word_1_258' title='bbox 2601 3307 2752 3381; x_wconf 83' lang='lat' dir='ltr'><strong>leges</strong></span> 
     </span>
     <span class='ocr_line' id='line_1_32' title="bbox 416 3390 2593 3467; baseline 0.001 -23"><span class='ocrx_word' id='word_1_259' title='bbox 416 3390 707 3461; x_wconf 32' lang='lat' dir='ltr'><strong>„deteras‘t</strong></span> <span class='ocrx_word' id='word_1_260' title='bbox 760 3392 1077 3448; x_wconf 78' lang='lat' dir='ltr'><strong>dissolvitur</strong></span> <span class='ocrx_word' id='word_1_261' title='bbox 1130 3394 1381 3467; x_wconf 88' lang='lat' dir='ltr'><strong>protinus</strong></span> <span class='ocrx_word' id='word_1_262' title='bbox 1434 3393 1551 3465; x_wconf 81' lang='lat' dir='ltr'><strong>lex,</strong></span> <span class='ocrx_word' id='word_1_263' title='bbox 1604 3410 1726 3450; x_wconf 86' lang='lat' dir='ltr'><strong>cum</strong></span> <span class='ocrx_word' id='word_1_264' title='bbox 1779 3393 1941 3448; x_wconf 84' lang='lat' dir='ltr'><strong>fuerit</strong></span> <span class='ocrx_word' id='word_1_265' title='bbox 1985 3394 2292 3448; x_wconf 88' lang='lat' dir='ltr'><strong>misericors</strong></span> <span class='ocrx_word' id='word_1_266' title='bbox 2334 3392 2492 3447; x_wconf 84' lang='lat' dir='ltr'><strong>iudex</strong></span> <span class='ocrx_word' id='word_1_267' title='bbox 2543 3393 2593 3447; x_wconf 92' lang='lat' dir='ltr'><em>T</em></span> 
     </span>
     <span class='ocr_line' id='line_1_33' title="bbox 456 3472 2748 3550; baseline -0 -20"><span class='ocrx_word' id='word_1_268' title='bbox 456 3475 581 3531; x_wconf 86' lang='grc'><strong>469</strong></span> <span class='ocrx_word' id='word_1_269' title='bbox 630 3476 846 3533; x_wconf 81' lang='lat' dir='ltr'><strong>Gellius</strong></span> <span class='ocrx_word' id='word_1_270' title='bbox 879 3477 989 3549; x_wconf 91' lang='grc'>17,</span> <span class='ocrx_word' id='word_1_271' title='bbox 1025 3478 1136 3550; x_wconf 88' lang='grc'>14,</span> <span class='ocrx_word' id='word_1_272' title='bbox 1182 3478 1447 3538; x_wconf 82' lang='lat' dir='ltr'><strong>Macrob.</strong></span> <span class='ocrx_word' id='word_1_273' title='bbox 1495 3479 1620 3535; x_wconf 83' lang='lat' dir='ltr'><strong>Sat.</strong></span> <span class='ocrx_word' id='word_1_274' title='bbox 1655 3479 1724 3549; x_wconf 82' lang='lat'><strong>2,</strong></span> <span class='ocrx_word' id='word_1_275' title='bbox 1759 3478 1817 3549; x_wconf 83' lang='lat'><strong>7,</strong></span> <span class='ocrx_word' id='word_1_276' title='bbox 1860 3476 1987 3534; x_wconf 86' lang='lat' dir='ltr'><strong>Ioa.</strong></span> <span class='ocrx_word' id='word_1_277' title='bbox 2034 3478 2270 3541; x_wconf 78' lang='lat' dir='ltr'><strong>Saresb.</strong></span> <span class='ocrx_word' id='word_1_278' title='bbox 2313 3478 2528 3533; x_wconf 84' lang='lat' dir='ltr'><strong>Policr.</strong></span> <span class='ocrx_word' id='word_1_279' title='bbox 2563 3476 2636 3547; x_wconf 89' lang='grc'><strong>8,</strong></span> <span class='ocrx_word' id='word_1_280' title='bbox 2675 3472 2748 3530; x_wconf 87' lang='grc'><strong>14</strong></span> 
     </span>
     <span class='ocr_line' id='line_1_34' title="bbox 626 3554 2750 3641; baseline 0 -26"><span class='ocrx_word' id='word_1_281' title='bbox 626 3560 855 3617; x_wconf 85' lang='lat' dir='ltr'><strong>benefici</strong></span> <span class='ocrx_word' id='word_1_282' title='bbox 889 3564 1215 3620; x_wconf 81' lang='lat' dir='ltr'><strong>Bentleius:</strong></span> <span class='ocrx_word' id='word_1_283' title='bbox 1258 3561 1504 3619; x_wconf 78' lang='lat' dir='ltr'><strong>beneficii</strong></span> <span class='ocrx_word' id='word_1_284' title='bbox 1537 3564 1594 3619; x_wconf 98' lang='lat' dir='ltr'><em>F</em></span> <span class='ocrx_word' id='word_1_285' title='bbox 1779 3554 1945 3641; x_wconf 88' lang='lat' dir='ltr'><strong>belle]</strong></span> <span class='ocrx_word' id='word_1_286' title='bbox 1980 3562 2122 3617; x_wconf 88' lang='lat' dir='ltr'><strong>bene</strong></span> <span class='ocrx_word' id='word_1_287' title='bbox 2153 3563 2460 3633; x_wconf 73' lang='lat' dir='ltr'><strong>Erasm2c3‚</strong></span> <span class='ocrx_word' id='word_1_288' title='bbox 2492 3563 2599 3618; x_wconf 90' lang='lat' dir='ltr'><strong>cito</strong></span> <span class='ocrx_word' id='word_1_289' title='bbox 2625 3561 2750 3616; x_wconf 88' lang='lat' dir='ltr'><strong>Ma·</strong></span> 
     </span>
     <span class='ocr_line' id='line_1_35' title="bbox 458 3644 2749 3722; baseline -0.001 -21"><span class='ocrx_word' id='word_1_290' title='bbox 458 3648 724 3711; x_wconf 75' lang='lat' dir='ltr'><strong>crobz&#39;us‚·</strong></span> <span class='ocrx_word' id='word_1_291' title='bbox 771 3649 874 3703; x_wconf 78' lang='lat' dir='ltr'><strong>sed</strong></span> <span class='ocrx_word' id='word_1_292' title='bbox 914 3648 997 3720; x_wconf 84' lang='lat' dir='ltr'><strong>cf.</strong></span> <span class='ocrx_word' id='word_1_293' title='bbox 1038 3667 1131 3722; x_wconf 85' lang='lat' dir='ltr'><strong>pq.</strong></span> <span class='ocrx_word' id='word_1_294' title='bbox 1166 3648 1265 3705; x_wconf 84' lang='lat'><strong>56.</strong></span> <span class='ocrx_word' id='word_1_295' title='bbox 1350 3647 1479 3704; x_wconf 84' lang='lat' dir='ltr'><strong>Non</strong></span> <span class='ocrx_word' id='word_1_296' title='bbox 1520 3647 1638 3704; x_wconf 86' lang='lat' dir='ltr'><strong>leve</strong></span> <span class='ocrx_word' id='word_1_297' title='bbox 1686 3645 2006 3704; x_wconf 87' lang='lat' dir='ltr'><strong>beneficium</strong></span> <span class='ocrx_word' id='word_1_298' title='bbox 2048 3654 2320 3720; x_wconf 84' lang='lat' dir='ltr'><strong>praestet,</strong></span> <span class='ocrx_word' id='word_1_299' title='bbox 2363 3648 2454 3719; x_wconf 91' lang='lat' dir='ltr'><strong>qui</strong></span> <span class='ocrx_word' id='word_1_300' title='bbox 2497 3647 2564 3702; x_wconf 89' lang='lat' dir='ltr'><strong>de</strong></span> <span class='ocrx_word' id='word_1_301' title='bbox 2605 3644 2749 3701; x_wconf 90' lang='lat' dir='ltr'><strong>brevi</strong></span> 
     </span>
     <span class='ocr_line' id='line_1_36' title="bbox 458 3729 2752 3807; baseline -0 -21"><span class='ocrx_word' id='word_1_302' title='bbox 458 3732 733 3788; x_wconf 79' lang='lat' dir='ltr'><strong>renuntiat</strong></span> <span class='ocrx_word' id='word_1_303' title='bbox 770 3733 821 3789; x_wconf 89' lang='lat' dir='ltr'><em>T</em></span> <span class='ocrx_word' id='word_1_304' title='bbox 1008 3731 1136 3789; x_wconf 88' lang='grc'><strong>470</strong></span> <span class='ocrx_word' id='word_1_305' title='bbox 1180 3741 1264 3788; x_wconf 87' lang='lat' dir='ltr'><strong>est</strong></span> <span class='ocrx_word' id='word_1_306' title='bbox 1294 3734 1497 3789; x_wconf 85' lang='lat' dir='ltr'><strong>crimen</strong></span> <span class='ocrx_word' id='word_1_307' title='bbox 1527 3733 1790 3807; x_wconf 81' lang='lat' dir='ltr'><strong>Inqolst..·</strong></span> <span class='ocrx_word' id='word_1_308' title='bbox 1835 3749 1911 3787; x_wconf 86' lang='lat' dir='ltr'><strong>cr.</strong></span> <span class='ocrx_word' id='word_1_309' title='bbox 1945 3739 2030 3788; x_wconf 88' lang='lat' dir='ltr'><strong>est</strong></span> <span class='ocrx_word' id='word_1_310' title='bbox 2059 3733 2116 3788; x_wconf 91' lang='lat' dir='ltr'><em>F</em></span> <span class='ocrx_word' id='word_1_311' title='bbox 2284 3730 2416 3788; x_wconf 90' lang='grc'><strong>474</strong></span> <span class='ocrx_word' id='word_1_312' title='bbox 2465 3730 2551 3802; x_wconf 83' lang='lat' dir='ltr'><strong>Cf.</strong></span> <span class='ocrx_word' id='word_1_313' title='bbox 2586 3750 2637 3785; x_wconf 78' lang='lat' dir='ltr'><strong>v.</strong></span> <span class='ocrx_word' id='word_1_314' title='bbox 2676 3729 2752 3785; x_wconf 89' lang='grc'><strong>10</strong></span> 
     </span>
     <span class='ocr_line' id='line_1_37' title="bbox 630 3814 2744 3892; baseline -0.001 -21"><span class='ocrx_word' id='word_1_315' title='bbox 630 3818 797 3874; x_wconf 89' lang='lat' dir='ltr'><strong>veluti</strong></span> <span class='ocrx_word' id='word_1_316' title='bbox 825 3818 1087 3892; x_wconf 83' lang='lat' dir='ltr'><strong>Inqolst.:</strong></span> <span class='ocrx_word' id='word_1_317' title='bbox 1118 3817 1266 3874; x_wconf 87' lang='lat' dir='ltr'><strong>velut</strong></span> <span class='ocrx_word' id='word_1_318' title='bbox 1296 3819 1354 3873; x_wconf 87' lang='lat' dir='ltr'><em>F</em></span> <span class='ocrx_word' id='word_1_319' title='bbox 1539 3817 1662 3874; x_wconf 84' lang='lat'><strong>475</strong></span> <span class='ocrx_word' id='word_1_320' title='bbox 1711 3818 1800 3891; x_wconf 84' lang='lat' dir='ltr'><strong>Cf.</strong></span> <span class='ocrx_word' id='word_1_321' title='bbox 1833 3835 1884 3874; x_wconf 85' lang='lat' dir='ltr'><strong>v.</strong></span> <span class='ocrx_word' id='word_1_322' title='bbox 1913 3816 2036 3873; x_wconf 88' lang='grc'><strong>467</strong></span> <span class='ocrx_word' id='word_1_323' title='bbox 2227 3815 2351 3874; x_wconf 88' lang='grc'><strong>476</strong></span> <span class='ocrx_word' id='word_1_324' title='bbox 2400 3816 2487 3889; x_wconf 81' lang='lat' dir='ltr'><strong>Cf.</strong></span> <span class='ocrx_word' id='word_1_325' title='bbox 2522 3835 2572 3872; x_wconf 88' lang='lat' dir='ltr'><strong>v.</strong></span> <span class='ocrx_word' id='word_1_326' title='bbox 2607 3814 2744 3871; x_wconf 88' lang='grc'><strong>552.</strong></span> 
     </span>
     <span class='ocr_line' id='line_1_38' title="bbox 407 3898 2560 3978; baseline 0 -22"><span class='ocrx_word' id='word_1_327' title='bbox 407 3930 413 3937; x_wconf 90' lang='grc'>·</span> <span class='ocrx_word' id='word_1_328' title='bbox 463 3900 583 3956; x_wconf 88' lang='lat'><strong>673</strong></span> <span class='ocrx_word' id='word_1_329' title='bbox 780 3898 815 3935; x_wconf 74' lang='lat'><strong>&#39;¹‘</strong></span> <span class='ocrx_word' id='word_1_330' title='bbox 848 3902 1050 3959; x_wconf 80' lang='lat' dir='ltr'><strong>absens</strong></span> <span class='ocrx_word' id='word_1_331' title='bbox 1073 3905 1167 3978; x_wconf 89' lang='lat' dir='ltr'><strong>qui</strong></span> <span class='ocrx_word' id='word_1_332' title='bbox 1197 3920 1285 3959; x_wconf 88' lang='lat' dir='ltr'><strong>se:</strong></span> <span class='ocrx_word' id='word_1_333' title='bbox 1333 3904 1424 3975; x_wconf 91' lang='lat' dir='ltr'><strong>qui</strong></span> <span class='ocrx_word' id='word_1_334' title='bbox 1456 3901 1649 3958; x_wconf 81' lang='lat' dir='ltr'><strong>absens</strong></span> <span class='ocrx_word' id='word_1_335' title='bbox 1681 3903 1762 3974; x_wconf 79' lang='lat' dir='ltr'><strong>F,</strong></span> <span class='ocrx_word' id='word_1_336' title='bbox 1785 3945 1787 3949; x_wconf 87' lang='lat'><strong>.</strong></span> <span class='ocrx_word' id='word_1_337' title='bbox 1809 3902 1900 3976; x_wconf 90' lang='lat' dir='ltr'><strong>qui</strong></span> <span class='ocrx_word' id='word_1_338' title='bbox 1931 3901 2120 3957; x_wconf 80' lang='lat' dir='ltr'><strong>absens</strong></span> <span class='ocrx_word' id='word_1_339' title='bbox 2152 3902 2312 3957; x_wconf 83' lang='lat' dir='ltr'><strong>etiam</strong></span> <span class='ocrx_word' id='word_1_340' title='bbox 2345 3902 2560 3957; x_wconf 82' lang='lat' dir='ltr'><strong>Gruter</strong></span> 
     </span>
     <span class='ocr_line' id='line_1_39' title="bbox 457 3978 2746 4063; baseline -0.001 -24"><span class='ocrx_word' id='word_1_341' title='bbox 457 3984 579 4040; x_wconf 88' lang='grc'><strong>477</strong></span> <span class='ocrx_word' id='word_1_342' title='bbox 628 3978 775 4063; x_wconf 84' lang='lat' dir='ltr'><strong>vota]</strong></span> <span class='ocrx_word' id='word_1_343' title='bbox 824 3987 932 4055; x_wconf 79' lang='lat' dir='ltr'><strong>fata</strong></span> <span class='ocrx_word' id='word_1_344' title='bbox 974 3986 1122 4045; x_wconf 68' lang='lat' dir='ltr'><strong>cohi.</strong></span> <span class='ocrx_word' id='word_1_345' title='bbox 1168 3987 1407 4061; x_wconf 80' lang='lat' dir='ltr'><strong>Inqolst.</strong></span> <span class='ocrx_word' id='word_1_346' title='bbox 1623 3988 1914 4061; x_wconf 84' lang='lat' dir='ltr'><strong>impetrant</strong></span> <span class='ocrx_word' id='word_1_347' title='bbox 1956 3988 2202 4050; x_wconf 78' lang='lat' dir='ltr'><strong>Gruter5</strong></span> <span class='ocrx_word' id='word_1_348' title='bbox 2251 4004 2306 4059; x_wconf 86' lang='lat' dir='ltr'><strong>p.</strong></span> <span class='ocrx_word' id='word_1_349' title='bbox 2352 3986 2404 4041; x_wconf 85' lang='lat' dir='ltr'><strong>f-</strong></span> <span class='ocrx_word' id='word_1_350' title='bbox 2438 3985 2582 4059; x_wconf 84' lang='lat' dir='ltr'><strong>quod</strong></span> <span class='ocrx_word' id='word_1_351' title='bbox 2626 3984 2746 4039; x_wconf 80' lang='lat' dir='ltr'><strong>facit</strong></span> 
     </span>
     <span class='ocr_line' id='line_1_40' title="bbox 456 4062 2744 4146; baseline 0 -23"><span class='ocrx_word' id='word_1_352' title='bbox 456 4070 711 4142; x_wconf 84' lang='lat' dir='ltr'><strong>impetrat</strong></span> <span class='ocrx_word' id='word_1_353' title='bbox 742 4072 955 4127; x_wconf 80' lang='lat' dir='ltr'><strong>Bothe·</strong></span> <span class='ocrx_word' id='word_1_354' title='bbox 1113 4073 1236 4130; x_wconf 88' lang='grc'><strong>478</strong></span> <span class='ocrx_word' id='word_1_355' title='bbox 1283 4079 1528 4128; x_wconf 87' lang='lat' dir='ltr'><strong>moratur</strong></span> <span class='ocrx_word' id='word_1_356' title='bbox 1557 4072 1824 4146; x_wconf 53' lang='lat' dir='ltr'><strong>Inqolsta</strong></span> <span class='ocrx_word' id='word_1_357' title='bbox 1856 4079 1974 4127; x_wconf 86' lang='lat' dir='ltr'><strong>orat</strong></span> <span class='ocrx_word' id='word_1_358' title='bbox 2005 4072 2062 4127; x_wconf 87' lang='lat' dir='ltr'><em>F</em></span> <span class='ocrx_word' id='word_1_359' title='bbox 2227 4070 2349 4127; x_wconf 88' lang='lat'><strong>479</strong></span> <span class='ocrx_word' id='word_1_360' title='bbox 2395 4062 2430 4099; x_wconf 76' lang='lat'><strong>&#39;¹‘</strong></span> <span class='ocrx_word' id='word_1_361' title='bbox 2463 4063 2744 4145; x_wconf 87' lang='lat' dir='ltr'><strong>[honeste]</strong></span> 
     </span>
     <span class='ocr_line' id='line_1_41' title="bbox 459 4152 2743 4261; baseline -0 -52"><span class='ocrx_word' id='word_1_362' title='bbox 459 4156 529 4210; x_wconf 85' lang='lat' dir='ltr'><strong>el.</strong></span> <span class='ocrx_word' id='word_1_363' title='bbox 576 4173 625 4211; x_wconf 88' lang='lat' dir='ltr'><strong>v.</strong></span> <span class='ocrx_word' id='word_1_364' title='bbox 659 4154 807 4213; x_wconf 80' lang='grc'><strong>207·</strong></span> <span class='ocrx_word' id='word_1_365' title='bbox 856 4173 960 4212; x_wconf 89' lang='lat' dir='ltr'><strong>om.</strong></span> <span class='ocrx_word' id='word_1_366' title='bbox 998 4157 1055 4212; x_wconf 98' lang='lat' dir='ltr'><em>F</em></span> <span class='ocrx_word' id='word_1_367' title='bbox 1248 4152 1283 4189; x_wconf 73' lang='lat'><strong>&#39;¹‘</strong></span> <span class='ocrx_word' id='word_1_368' title='bbox 1315 4158 1612 4249; x_wconf 83' lang='lat' dir='ltr'><strong>accepisse:</strong></span> <span class='ocrx_word' id='word_1_369' title='bbox 1659 4158 1900 4261; x_wconf 87' lang='lat' dir='ltr'><strong>accipere</strong></span> <span class='ocrx_word' id='word_1_370' title='bbox 1931 4158 2038 4211; x_wconf 89' lang='lat' dir='ltr'><strong>F.-</strong></span> <span class='ocrx_word' id='word_1_371' title='bbox 2093 4154 2184 4229; x_wconf 82' lang='lat' dir='ltr'><strong>Cf.</strong></span> <span class='ocrx_word' id='word_1_372' title='bbox 2217 4157 2452 4211; x_wconf 80' lang='lat' dir='ltr'><strong>Hesiod.</strong></span> <span class='ocrx_word' id='word_1_373' title='bbox 2489 4154 2593 4226; x_wconf 82' lang='lat' dir='ltr'><strong>Op.</strong></span> <span class='ocrx_word' id='word_1_374' title='bbox 2627 4152 2743 4210; x_wconf 83' lang='lat'><strong>352</strong></span> 
     </span>
     <span class='ocr_line' id='line_1_42' title="bbox 456 4228 2741 4319; baseline 0 -26"><span class='ocrx_word' id='word_1_375' title='bbox 456 4229 536 4313; x_wconf 72' lang='grc' dir='ltr'><strong>μή</strong></span> <span class='ocrx_word' id='word_1_376' title='bbox 582 4228 737 4294; x_wconf 60' lang='lat' dir='ltr'><strong>nand</strong></span> <span class='ocrx_word' id='word_1_377' title='bbox 789 4235 1157 4312; x_wconf 77' lang='grc' dir='ltr'><strong><em>κερδαίνειν·</em></strong></span> <span class='ocrx_word' id='word_1_378' title='bbox 1193 4230 1377 4295; x_wconf 74' lang='grc' dir='ltr'><strong>κακοὶ</strong></span> <span class='ocrx_word' id='word_1_379' title='bbox 1416 4235 1625 4315; x_wconf 70' lang='grc' dir='ltr'><strong><em>κέρδεα</em></strong></span> <span class='ocrx_word' id='word_1_380' title='bbox 1668 4231 1750 4296; x_wconf 80' lang='grc' dir='ltr'><strong>ἷσ’</strong></span> <span class='ocrx_word' id='word_1_381' title='bbox 1794 4228 2025 4319; x_wconf 73' lang='grc' dir='ltr'><strong>ἄτῃσιν.</strong></span> <span class='ocrx_word' id='word_1_382' title='bbox 2115 4241 2286 4297; x_wconf 84' lang='lat' dir='ltr'><strong>Caec.</strong></span> <span class='ocrx_word' id='word_1_383' title='bbox 2325 4241 2486 4296; x_wconf 80' lang='lat' dir='ltr'><strong>Batb.</strong></span> <span class='ocrx_word' id='word_1_384' title='bbox 2517 4239 2741 4295; x_wconf 81' lang='lat' dir='ltr'><strong>Monac.</strong></span> 
     </span>
     <span class='ocr_line' id='line_1_43' title="bbox 463 4324 2028 4399; baseline 0.001 -20"><span class='ocrx_word' id='word_1_385' title='bbox 463 4326 517 4396; x_wconf 82' lang='lat'><strong>1,</strong></span> <span class='ocrx_word' id='word_1_386' title='bbox 550 4325 608 4382; x_wconf 88' lang='grc'><strong>3.</strong></span> <span class='ocrx_word' id='word_1_387' title='bbox 637 4344 734 4399; x_wconf 82' lang='lat' dir='ltr'><strong>pq.</strong></span> <span class='ocrx_word' id='word_1_388' title='bbox 774 4327 849 4383; x_wconf 90' lang='grc'><strong>18</strong></span> <span class='ocrx_word' id='word_1_389' title='bbox 884 4324 1140 4383; x_wconf 87' lang='lat' dir='ltr'><strong>Lucrum</strong></span> <span class='ocrx_word' id='word_1_390' title='bbox 1173 4335 1332 4399; x_wconf 88' lang='lat' dir='ltr'><strong>turpe</strong></span> <span class='ocrx_word' id='word_1_391' title='bbox 1364 4333 1424 4381; x_wconf 87' lang='lat' dir='ltr'><strong>ut</strong></span> <span class='ocrx_word' id='word_1_392' title='bbox 1455 4326 1794 4399; x_wconf 86' lang='lat' dir='ltr'><strong>dispendium</strong></span> <span class='ocrx_word' id='word_1_393' title='bbox 1825 4325 2028 4399; x_wconf 78' lang='lat' dir='ltr'><strong>fugito&#39;</strong></span> 
     </span>
    </p>
   </div>
   <div class='ocr_carea' id='block_1_8' title="bbox 2904 1753 2905 2420">
    <p class='ocr_par' dir='ltr' id='par_1_12' title="bbox 2904 1753 2905 2420">
     <span class='ocr_line' id='line_1_44' title="bbox 2904 1753 2905 2420; baseline 0 0"><span class='ocrx_word' id='word_1_394' title='bbox 2904 1753 2905 2420; x_wconf 95' lang='lat' dir='ltr'><strong> </strong></span> 
     </span>
    </p>
   </div>
   <div class='ocr_carea' id='block_1_9' title="bbox 2903 1753 2907 2879">
    <p class='ocr_par' dir='ltr' id='par_1_13' title="bbox 2903 1753 2907 2879">
     <span class='ocr_line' id='line_1_45' title="bbox 2903 1753 2907 2879; baseline 0 0"><span class='ocrx_word' id='word_1_395' title='bbox 2903 1753 2907 2879; x_wconf 95' lang='lat' dir='ltr'><strong> </strong></span> 
     </span>
    </p>
   </div>
   <div class='ocr_carea' id='block_1_10' title="bbox 2903 3294 2905 3463">
    <p class='ocr_par' dir='ltr' id='par_1_14' title="bbox 2903 3294 2905 3463">
     <span class='ocr_line' id='line_1_46' title="bbox 2904 3294 2905 3305; baseline 0 0"><span class='ocrx_word' id='word_1_396' title='bbox 2904 3294 2905 3305; x_wconf 50' lang='grc' dir='ltr'>η</span> 
     </span>
     <span class='ocr_line' id='line_1_47' title="bbox 2904 3316 2905 3331; baseline 0 0"><span class='ocrx_word' id='word_1_397' title='bbox 2904 3316 2905 3331; x_wconf 59' lang='grc'>1</span> 
     </span>
     <span class='ocr_line' id='line_1_48' title="bbox 2904 3434 2905 3447; baseline 0 0"><span class='ocrx_word' id='word_1_398' title='bbox 2904 3434 2905 3447; x_wconf 59' lang='lat'>1</span> 
     </span>
     <span class='ocr_line' id='line_1_49' title="bbox 2903 3448 2905 3463; baseline 0 0"><span class='ocrx_word' id='word_1_399' title='bbox 2903 3448 2905 3463; x_wconf 72' lang='grc'>4</span> 
     </span>
    </p>
   </div>
  </div>
 </body>
</html>
