2917 4950
460 297 545 361 48
1336 311 1881 364 PROLEGOMENA.

463 467 613 531 aliis
664 467 919 548 quando
985 468 1170 532 rebus
1225 471 1444 532 attenti
1487 473 1636 532 sunt
1651 441 1883 532 ’animi
1928 466 2095 551 (cum
2141 469 2397 531 animus
2440 467 2605 532 alias
2643 487 2759 531 res

463 569 643 651 ayit),
689 568 1069 652 genetivum
1114 591 1178 638 v,
1198 569 1336 633 .112
1368 571 1645 652 possidet
1678 570 2057 652 populorum
2102 569 2265 634 bona
2292 569 2595 654 (populi),
2637 591 2755 632 ac-

464 669 829 733 cusativum
884 692 948 733 v.
999 669 1116 735 157
1174 689 1497 753 suyyerere
1552 671 1671 735 tela
1717 669 1995 755 (telum),
2057 691 2119 737 v,
2165 669 2291 734 515
2337 690 2761 752 quoscumque

467 772 995 855 (quemcumque),
1045 769 1406 835 ablativum
1452 794 1517 834 v.
1556 773 1675 836 116
1719 777 1889 836 caret
1917 771 2222 854 periculis
2268 773 2600 857 (periclo):
2646 773 2757 835 iu-

461 872 784 937 bebantur
827 872 1156 960 adiectiva
1187 875 1632 958 comparativo
1663 872 1769 936 vel
1800 871 2199 958 superlativo
2232 872 2480 955 efferre,
2528 895 2592 936 v.
2620 874 2756 938 397

464 976 712 1040 laudem
743 980 1100 1058 praeparat
1141 975 1510 1056 ampliorem
1554 976 1726 1060 (laus
1769 975 2165 1057 amplissima
2210 976 2345 1060 est),
2393 988 2456 1037 v.
2488 975 2615 1039 423
2652 976 2763 1038 nil

463 1079 712 1159 turpius
756 1078 930 1141 dicas
976 1077 1231 1162 (turpe),
1279 1098 1342 1145 v,
1395 1076 1511 1140 127
1546 1078 1733 1158 peius
1774 1098 1853 1141 ne
1896 1078 2179 1159 loquaris
2222 1076 2463 1160 (male),
2511 1098 2575 1139 V.
2620 1076 2763 1139 482

457 1179 954 1260 frequentissime
986 1179 1315 1263 (assidue),
1348 1200 1410 1241 v,
1442 1178 1570 1242 542
1594 1179 1741 1260 plas
1764 1216 1839 1227 -—
1869 1180 2079 1243 minus
2112 1179 2449 1264 (omnes—
2468 1179 2760 1261 nullas)3

461 1302 526 1351 v,
558 1281 682 1346 227
716 1290 781 1345 et
809 1279 933 1344 243
965 1301 1162 1365 supra
1206 1281 1448 1365 scripta
1490 1279 1694 1343 fuisse
1740 1277 2003 1343 videtur
2046 1281 2474 1366 comparativi
2518 1280 2761 1360 forma,

457 1384 736 1465 yravior,
767 1383 1072 1446 miserior.
1118 1373 1465 1446 Praeterea
1495 1380 1897 1445 docebantur
1926 1403 2289 1468 synonyma
2326 1381 2760 1464 substituere,

466 1506 528 1547 v.
574 1485 702 1547 214
743 1485 920 1548 virus
975 1481 1368 1568 (venenum),
1426 1482 1551 1548 233
1606 1483 1985 1547 honestatem
2027 1482 2532 1569 (inqenuitatem)
2548 1532 2566 1566 ,
2620 1483 2766 1547 284

465 1586 718 1651 libertas
764 1582 1099 1667 (inqenuus
1129 1585 1436 1668 animus),
1483 1584 1610 1648 310
1638 1585 2073 1649 contumeliam
2117 1585 2520 1670 (iniuriam);
2570 1607 2632 1648 v.
2672 1585 2756 1648 91

461 1689 792 1752 revertitur
836 1687 1076 1772 (redit),
1128 1686 1248 1749 109
1286 1686 1453 1767 ferre
1499 1687 1721 1771 (pati),
1774 1686 1895 1750 116
1930 1692 2152 1752 cautus
2196 1692 2282 1750 est
2328 1687 2573 1772 (cavet),
2626 1687 2761 1750 196

463 1790 807 1854 delitiscens
851 1788 992 1873 (qui
1037 1788 1207 1872 latet)
1256 1797 1378 1851 etc.
1468 1786 1657 1851 Talia
1700 1787 1946 1852 clarum
1992 1797 2091 1852 est
2129 1787 2400 1852 Publilii
2445 1789 2762 1852 versibus

352 1895 356 1900 ’
386 1877 406 1884 ’
461 1912 500 1952 a
529 1889 670 1952 ludi
713 1890 1024 1974 magistro
1069 1890 1138 1952 in
1168 1912 1355 1953 usum
1387 1911 1577 1953 suum
1608 1911 1805 1974 supra
1834 1890 2100 1975 scripta,
2148 1889 2276 1972 vel,
2325 1889 2498 1976 quod
2528 1911 2758 1953 exem-

462 1990 571 2077 pla
616 1990 850 2055 docent
879 1991 1052 2054 infra
1082 1990 1434 2077 adscripta,
1483 1992 1553 2054 in
1583 1990 1818 2055 dextro
1847 1993 2143 2076 margine
2172 1991 2479 2056 adnotata
2509 1991 2759 2074 fuisse3

461 2103 690 2180 postea
734 2093 1061 2178 imperitia
1104 2090 1538 2174 librariorum,
1588 2093 1770 2179 quasi
1813 2093 2276 2178 grammaticus
2310 2093 2757 2159 adnotationi-

463 2197 582 2259 bus
630 2197 762 2260 suis
796 2192 1153 2258 Publilium
1197 2195 1523 2279 corrigere
1552 2193 1890 2277 voluisset,
1936 2197 2082 2281 ipsa
2114 2205 2345 2282 poetae
2374 2194 2579 2258 verba
2611 2195 2759 2260 loco

463 2297 807 2361 deturbata
853 2306 1023 2360 sunt.
1112 2296 1282 2360 Nam
1326 2297 1394 2358 in
1441 2319 1515 2362 eo
1556 2295 1746 2379 libro,
1796 2319 1879 2360 ex
1924 2320 2049 2383 quo
2081 2297 2461 2373 Turicensis
2504 2297 2757 2362 descri-

465 2411 616 2486 ptus
664 2407 782 2483 est,
828 2407 1172 2487 utrumque
1217 2399 1529 2485 scriptum
1561 2399 1785 2483 fuisse,
1835 2408 1899 2462 et
1929 2397 2370 2464 Publilianum
2397 2409 2472 2474 et
2496 2401 2757 2465 schola—

463 2503 694 2567 sticam
738 2502 1363 2587 interpretationem,
1410 2500 1715 2565 librarius
1748 2524 1874 2588 qua
1919 2501 2044 2566 fuit
2087 2503 2155 2567 in
2192 2501 2625 2567 describendo
2656 2505 2755 2567 in-

355 2654 378 2673 &
466 2605 794 2691 sipientia,
841 2606 1001 2669 satis
1047 2603 1361 2690 prodidit.
1451 2603 1553 2672 Cf.
1600 2626 1665 2671 v.

568 2737 634 2785 86
683 2728 1024 2789 Crudelis
1066 2735 1146 2789 est
1187 2733 1358 2795 inre
1401 2731 1648 2789 adversa
1688 2730 2051 2804 sicbiuryatio
2093 2730 2301 2789 seeba
2340 2730 2429 2788 vel
2469 2748 2712 2789 saeva.

533 2841 630 2889 309
677 2833 977 2907 Maliynos
1015 2835 1148 2905 fieri
1188 2835 1501 2909 manime
1542 2836 1803 2908 inyratos
1846 2834 2039 2891 docere
2080 2850 2250 2905 saep
2262 2850 2306 2891 e.

532 2942 630 2989 452
675 2935 947 2994 Pericula
989 2936 1291 2993 timidus
1335 2937 1509 2993 etiam
1552 2953 1699 3007 quae
1741 2953 1864 2993 non
1905 2940 2043 2993 sunt
2084 2935 2234 3008 videt
2266 2951 2710 3009 praesayuS.

463 3108 478 3117 ,
538 3043 635 3090 174
677 3036 924 3094 Fatetur
965 3035 1202 3107 facinus
1233 3041 1593 3111 prompte,
1638 3038 1739 3110 qui
1779 3038 2064 3095 'iudicium
2104 3036 2257 3111 fuyit
2298 3036 2715 3107 manifeste.

463 3164 778 3229 Eiusdem
820 3166 1076 3248 generis
1123 3175 1273 3229 sunt
1317 3187 1380 3227 v.
1421 3166 1559 3230 125·
1578 3166 1725 3231 bello
1772 3176 1835 3230 et
1866 3168 2200 3249 proelium,
2246 3167 2366 3231 661
2401 3168 2757 3233 dinoscitur

463 3277 527 3331 et
571 3269 844 3347 videtur,
904 3266 1029 3331 664
1073 3288 1212 3331 cum
1257 3268 1410 3332 coles
1455 3279 1519 3331 et
1565 3270 1915 3352 laudandO,
1962 3268 2087 3332 672
2131 3274 2385 3334 accusat
2427 3279 2491 3333 et
2535 3254 2753 3335 crim-iss

461 3372 634 3448 nari,
681 3368 806 3433 675
849 3371 1053 3434 reddit
1097 3378 1160 3432 et
1198 3371 1508 3453 persolvit,
1556 3370 1679 3433 692
1722 3371 1885 3435 valet
1928 3379 1993 3434 et
2034 3376 2289 3454 reynat,·
2333 3370 2458 3435 663
2476 3392 2755 3453 prorsus

461 3471 549 3534 ad
595 3465 1048 3557 explicandam
1094 3492 1324 3535 vocem·
1362 3474 1576 3553 utique
1618 3472 2018 3558 adscriptum
2061 3470 2361 3537 adhaesit
2406 3474 2465 3537 ei
2499 3476 2750 3557 versui,

463 3574 574 3660 qui
618 3574 687 3637 in
730 3573 1074 3637 Turicensi
1117 3574 1414 3660 proxime
1459 3574 1771 3660 sequitur,
1818 3596 1883 3637 v.
1930 3574 2077 3637 322.
2151 3573 2232 3639 V.
2277 3574 2396 3638 401

588 3698 775 3758 Nulla
818 3702 900 3757 est
942 3700 1131 3757 maior
1172 3700 1393 3757 homini
1425 3717 1623 3772 poena
1666 3717 1843 3772 quam
1884 3700 2287 3758 necessitas
2308 3701 2601 3781 inopia.

465 3811 684 3897 (Publ.
731 3834 923 3895 quam
964 3811 1364 3897 infelicitas),
1424 3810 1733 3877 librarius
1776 3812 2036 3877 nescius
2080 3812 2239 3913 quid
2283 3812 2411 3877 duo
2458 3814 2749 3893 nomina-

462 3914 586 3976 tivi
633 3914 760 3978 sibi
804 3913 1077 3995 vellent,
1125 3936 1322 4000 supra
1367 3914 1609 4005 scripto
1656 3917 1704 3979 ti
1748 3916 2034 3979 correxit
2082 3916 2490 3994 necessitatis,
2537 3935 2749 4001 neque

461 4016 653 4089 aliter
694 4038 760 4080 v.
806 4016 928 4080 657

549 4122 868 4183 Consiliiun
907 4125 978 4182 in
1019 4124 1274 4183 adversis
1316 4126 1723 4185 medicinae
1764 4124 2163 4185 remedium
2193 4124 2505 4199 prudentis
2547 4130 2645 4195 est,
2712 4162 2732 4175 κ

463 4235 854 4302 vocabulum
897 4238 1210 4303 medicina
1239 4234 1802 4326 interpretamenti
1840 4238 1982 4304 Ioco
2026 4239 2111 4303 ad
2142 4260 2371 4303 vocem
2399 4241 2742 4307 remedium

460 4338 886 4426 adscriptum,
935 4341 1233 4428 sequenti
1279 4340 1694 4408 substantivo
1738 4341 2114 4427 adaptatum
2162 4354 2279 4406 est.
