2917 4950
2189 154 2228 179 l

404 257 527 320 110
1030 270 1341 318 Punmnn
1386 269 1544 318 sirm
1591 268 2050 318 snm-emme.

580 425 933 491 Tutissima
975 444 1077 490 res
1118 429 1222 503 est,
1268 407 1435 488 nihil
1477 424 1692 488 timere
1721 426 1978 506 praeter
2019 423 2218 487 deum.

595 527 759 592 Tene
800 547 1041 610 semper
1080 527 1249 590 vocis
1290 529 1347 590 et
1387 524 1624 590 silentii
1667 528 2253 608 temperamentum,-

587 633 799 694 tameu
826 633 884 693 et
915 629 985 692 in
1014 627 1127 693 hoc
1154 626 1457 706 incumbe,
1495 631 1570 691 ut
1597 627 1888 692 libentius
1915 627 2149 691 audias
2177 646 2372 708 quam
2399 627 2716 708 loquaris,

426 737 547 795 120
593 731 823 796 Tacere
865 731 977 811 qui
1018 730 1225 808 nescit,
1270 729 1465 792 nescit
1507 729 1692 811 loqui.

592 833 969 910 Tristitiam,
1014 833 1073 896 si
1101 835 1296 914 potes,
1340 849 1421 894 ne
1463 831 1814 895 admiseris.

586 934 797 1016 Turpe
828 934 1095 1016 praebet
1132 932 1550 1016 spectaculum
1591 953 1776 1015 aeyer
1817 931 2090 998 amianas.

586 1024 837 1117 Turpia
877 1055 958 1100 ue
1000 1035 1269 1100 dixeris:
1286 1041 1300 1057 “
1301 1034 1627 1116 paulatim
1670 1035 1838 1098 euim
1867 1035 2082 1117 pudor
2115 1054 2330 1099 rerum
2359 1055 2480 1118 per
2513 1033 2718 1100 verba

1619 1137 1974 1201 discutitur.
2189 1207 2192 1212 ,

581 1239 919 1304 Transibit
958 1258 1159 1304 sermo
1202 1239 1275 1302 iri
1318 1237 1616 1319 effectum,
1661 1240 1720 1302 si
1762 1238 2020 1303 honesta
2064 1239 2414 1320 loquamur.

414 1347 532 1404 125
583 1340 1004 1406 Tolerabilior
1046 1345 1150 1420 est,
1199 1341 1310 1422 qui
1352 1340 1517 1404 mori
1555 1340 1739 1418 iubet,
1788 1360 1980 1421 quam
2023 1343 2135 1422 qui
2177 1341 2340 1406 male
2380 1342 2612 1405 vivere.

584 1442 999 1507 Tolerabilior
1041 1446 1129 1506 est
1156 1461 1386 1525 poena,
1432 1461 1562 1506 non
1591 1460 1778 1523 posse
1819 1442 2022 1507 vivere
2064 1463 2259 1524 quam
2301 1443 2561 1507 nescire.

580 1542 802 1608 Talem
842 1541 1237 1658 diliqeutiam
1280 1543 1498 1608 exhibe
1539 1545 1610 1608 iri
1656 1544 1954 1608 amicitiis
1997 1545 2442 1628 comparandis,
2487 1565 2574 1608 ne
2607 1544 2709 1608 irt-

1072 1645 1276 1727 cipias
1316 1665 1555 1723 amare,
1604 1665 1785 1725 quem
1828 1646 2110 1728 deinceps
2151 1647 2350 1727 possis
2391 1647 2618 1712 odisse.

580 1748 681 1812 Tu
712 1748 1003 1830 primum
1046 1748 1261 1814 exhibe
1304 1751 1359 1812 te
1402 1747 1663 1826 bonum,
1709 1751 1768 1811 et
1807 1749 1897 1812 sic
1939 1768 2169 1829 quaere
2209 1749 2480 1814 alterum
2523 1747 2709 1819 simi-

1622 1849 1740 1913 lem
1783 1851 1894 1914 tui.

581 1951 863 2034 Turpius
916 1951 1084 2016 nihil
1137 1955 1225 2014 est
1278 1971 1474 2034 quam
1525 1971 1668 2016 cum
1721 1970 1788 2014 eo
1833 1951 2060 2016 bellum
2095 1971 2336 2034 yerere,
2393 1971 2538 2016 cum
2583 1968 2708 2032 quo

1618 2051 2035 2132 familiariter
2075 2053 2326 2118 vixeris.

410 2160 530 2218 626
578 2153 986 2218 Thesaurum
1030 2154 1099 2217 in
1144 2151 1443 2240 sepulcro
1489 2153 1696 2240 ponit,
1744 2156 1857 2241 qui
1902 2175 2121 2218 senem
2165 2153 2475 2218 heredem
2519 2153 2709 2218 facit.

574 2254 1022 2321 Taciturnitas
1068 2253 1267 2320 stulto
1314 2254 1562 2319 homini
1605 2277 1723 2342 pro
1768 2257 2091 2344 sapientia
2135 2264 2254 2321 est.

575 2355 745 2420 Tam
791 2355 976 2423 deest
1018 2378 1217 2421 avaro
1262 2357 1437 2444 quod
1481 2356 1702 2440 habet,
1750 2377 1944 2444 quam
1986 2355 2161 2446 quod
2199 2379 2334 2423 non
2374 2356 2599 2422 habet.

405 2653 669 2696 comens
700 2636 953 2694 Proverb.
986 2636 1153 2695 PRF
1178 2637 1339 2713 (ΕΟ),
1370 2624 1454 2710 Μ,
1500 2656 1549 2696 v.
1583 2637 1946 2719 626—628:
1979 2639 2036 2694 F
2063 2636 2156 2713 (T)

404 2777 564 2845 epist.
597 2772 702 2845 45,
738 2774 770 2829 7
805 2770 959 2829 ‘vitia
990 2772 1147 2829 nobis
1179 2773 1280 2830 sub
1310 2776 1570 2830 virtutum
1605 2776 1820 2833 nomine
1853 2773 2142 2847 obrepunt.
2230 2773 2336 2829 Pro
2367 2780 2527 2829 cauto
2563 2772 2708 2828 timi-

310 2893 315 2900 ·
404 2858 505 2913 dus
537 2859 838 2931 accipitur'.
893 2861 898 2875 “
1045 2859 1162 2915 117
1212 2860 1315 2917 ΕΟ
1356 2860 1513 2917 Vinc.
1550 2859 1620 2913 B.
1655 2876 1744 2931 sp.
1775 2861 1829 2915 d.
1864 2858 1902 2913 4
1924 2902 1940 2930 ,
1975 2858 2076 2915 32.
2111 2857 2190 2916 74
2373 2866 2491 2913 tuta
2523 2857 2589 2930 Ο,
2623 2865 2706 2912 tu-

406 2944 608 2999 tissima
638 2959 725 2998 res
757 2952 842 2999 est
872 2942 1072 3016 aliquid
1104 2943 1309 3000 domini
1339 2946 1530 2999 timere
1575 2942 1737 3000 Vinc.
1772 2943 1834 3015 4,
1869 2944 1948 3001 32
2126 2942 2245 2998 118
2294 2943 2397 2999 ΕΟ
2439 2944 2604 3001 Vina.
2632 2941 2704 2997 B.

404 3044 495 3098 sp.
527 3029 585 3083 d.
611 3026 674 3099 4,
708 3026 807 3084 92.
844 3028 983 3085 170.
1017 3030 1079 3099 5,
1112 3026 1211 3083 29.
1246 3028 1311 3082 M
1340 3028 1423 3084 74
1594 3036 1718 3084 tene
1748 3022 1990 3103 semper]
2025 3044 2218 3102 magna
2247 3044 2336 3082 res
2369 3035 2453 3082 est
2482 3027 2549 3082 M

408 3111 527 3167 119
574 3111 676 3168 ΕΟ
720 3112 875 3168 Vinc.
908 3116 946 3171 l.
979 3128 1031 3167 c.
1067 3111 1131 3167 M
1159 3112 1194 3168 9
1410 3113 1466 3168 in
1496 3113 1602 3169 hoc
1631 3120 1842 3168 tantum
1871 3114 1906 3169 i.
1940 3111 2007 3167 M
2220 3112 2343 3169 120
2387 3112 2489 3168 ΕΟ
2529 3112 2587 3167 V
2583 3115 2696 3169 inc.

404 3197 478 3253 B.
512 3212 601 3269 sp.
631 3198 685 3252 d.
730 3195 807 3269 4,
842 3196 939 3253 92.
980 3196 1116 3254 170.
1165 3196 1235 3269 5,
1269 3196 1368 3253 29.
1402 3197 1470 3252 M
1500 3196 1620 3255 132
1842 3197 2025 3270 eloqui
2057 3199 2130 3269 E,
2155 3204 2217 3253 et
2247 3196 2398 3270 loqui
2427 3196 2495 3253 M

408 3280 524 3337 121
576 3297 644 3336 ne
672 3282 996 3353 PaRFEC,
1030 3282 1192 3352 codd.
1224 3284 1371 3338 mell.
1406 3282 1475 3338 M
1506 3283 1612 3338 11:
1657 3298 1766 3339 non
1798 3283 1904 3354 Pb,
1937 3282 2004 3339 M
2029 3286 2195 3356 vulyo
2339 3282 2388 3337 si
2418 3282 2600 3337 minus
2630 3294 2698 3334 ne

405 3365 709 3421 ostenderis
742 3368 960 3423 addunt
991 3366 1104 3423 GM
1297 3365 1413 3422 122
1459 3366 1650 3423 turbae
1678 3368 1738 3423 F
1901 3366 2108 3441 praehit
2138 3367 2243 3423 PR
2420 3382 2585 3440 aeger
2615 3381 2700 3420 an.

406 3451 510 3507 PR
560 3451 719 3509 Vinc.
761 3452 827 3510 B.
873 3468 958 3524 sp.
1000 3453 1063 3508 d.
1092 3451 1163 3524 4,
1202 3452 1341 3525 107,
1387 3454 1551 3509 codd.
1593 3455 1742 3509 mell.
1773 3452 1841 3507 M
1865 3451 1974 3508 89:
2019 3469 2105 3508 an.
2139 3467 2304 3525 aeger
2331 3450 2434 3506 FC
2461 3449 2701 3521 Godofr.

629 3535 747 3593 123
792 3552 973 3591 rerum
1005 3536 1122 3591 PM
1152 3538 1305 3595 120:
1352 3555 1455 3594 om.
1491 3536 1703 3594 RFE'C
1743 3536 1902 3593 Vino.
1935 3536 2009 3593 B.
2050 3554 2137 3610 sp.
2174 3538 2229 3593 d.
2263 3533 2334 3607 4,
2369 3536 2491 3592 170
2635 3556 2644 3561 ·

407 3621 703 3678 discutitur
730 3620 885 3678 LEO
930 3621 1085 3681 Vinc.
1108 3623 1187 3688 ‚M
1212 3624 1411 3696 vu1903
1454 3639 1700 3695 quocum
1743 3622 1826 3695 cf.
1871 3640 1921 3679 v.
1955 3621 2107 3679 576:
2153 3620 2449 3677 dediscitur
2485 3617 2592 3695 (vel
2623 3618 2700 3673 di-

404 3704 596 3779 scitur)
627 3708 791 3767 codd.
826 3711 957 3763 vett.
988 3705 1055 3761 M
1166 3718 1169 3722 ·
1241 3707 1359 3763 124
1419 3706 1582 3763 Vinc.
1612 3707 1682 3763 B.
1715 3723 1804 3779 sp.
1836 3708 1890 3762 d.
1923 3705 1986 3779 4,
2021 3706 2144 3763 170
2315 3706 2564 3761 transivit
2590 3702 2696 3761 PR

580 3790 827 3847 affectum
864 3789 927 3866 Ο,
960 3791 1199 3864 Godofr.
1413 3792 1644 3847 honeste
1675 3792 1730 3849 R
1921 3791 2041 3848 125
2087 3810 2191 3848 om.
2222 3790 2278 3847 R
2457 3789 2574 3847 126
2619 3793 2701 3843 est
2805 3816 2818 3829 ·
2906 3756 2907 3767 ἵ

404 3891 458 3948 p.
491 3875 633 3932 PbR
652 3901 668 3931 .-
697 3894 748 3949 p.
781 3883 865 3932 est
895 3877 1060 3947 PaF,
1092 3885 1175 3932 est
1206 3895 1311 3935 om.
1348 3870 1589 3950 Godofr.
1773 3875 1890 3932 127
1938 3878 2181 3932 amicitiis
2213 3876 2408 3933 PRE:
2437 3876 2616 3931 amicis
2647 3870 2703 3928 F

434 3960 595 4016 Vinc.
626 3959 699 4015 B.
732 3976 818 4031 sp.
852 3963 909 4019 d.
942 3962 1002 4033 6,
1040 3960 1116 4017 14
1316 3961 1496 4017 denuo
1527 3961 1612 4017 vel
1644 3961 1896 4035 deinceps
1929 3964 1988 4018 Ε
2164 3978 2264 4035 pos
2295 3961 2352 4016 F
2518 3958 2695 4015 odisse

425 4044 610 4100 Vina.-
642 4043 795 4099 odire
824 4045 1047 4101 PRFE
1075 4094 1078 4099 .
1235 4046 1355 4104 128
1401 4054 1457 4102 te
1485 4048 1661 4120 ipsum
1692 4046 1745 4103 h.
1798 4048 1952 4104 Vinc.
1986 4048 2055 4101 B.
2089 4062 2177 4117 sp.
2212 4048 2266 4102 d.
2302 4046 2361 4116 6,
2396 4044 2474 4101 14
2643 4047 2697 4097 et

406 4127 620 4183 demum
652 4128 735 4184 vel
764 4129 842 4183 sic
874 4130 932 4184 E
1099 4147 1323 4204 quaeras
1359 4128 1777 4206 Godofraeelige
1814 4131 1974 4208 Vina.
2153 4130 2272 4187 129
2319 4130 2438 4203 ΕΟ,
2471 4146 2576 4185 om.
2606 4126 2690 4182 Pb

575 4214 935 4269 amantissime
969 4214 1013 4271 Ο
1182 4213 1302 4273 627
1350 4214 1439 4287 Cf.
1476 4234 1528 4272 v.
1559 4213 1682 4271 492
1857 4224 1897 4273 t.
1929 4216 2103 4272 stulto
2135 4232 2236 4289 pro
2267 4232 2312 4270 S.
2343 4214 2487 4271 cedit
2523 4213 2573 4270 T

409 4296 529 4355 628
576 4297 803 4354 Seneca
833 4306 1089 4357 controv.
1126 4299 1185 4371 7,
1225 4298 1321 4372 18,
1346 4317 1408 4372 p.
1442 4298 1597 4372 206,
1635 4300 1711 4355 14
1743 4301 1924 4358 Burs.
1957 4301 2190 4368 Quintil.
2225 4300 2296 4373 8,
2329 4298 2400 4372 5,
2435 4300 2495 4355 6.
2529 4297 2599 4369 9,
2631 4296 2690 4367 3,
