2917 4950
755 333 969 383 INTER
1013 333 1482 383 PUBLILIANAS
1529 305 1914 382 RECEPTAE.
2359 315 2480 383 129

350 491 549 555 Nulla
593 500 728 556 tam
775 491 944 554 bona
987 511 1189 573 uxor,
1250 489 1333 553 de
1378 512 1504 576 qua
1547 511 1679 553 non
1723 491 2022 554 invenias
2069 490 2228 575 quid.
2275 491 2479 576 queri.

350 593 534 658 Nulli
578 589 893 679 imponas,
944 591 1117 678 quod
1163 592 1304 677 ipse
1349 614 1481 656 non
1524 593 1735 678 possis
1784 593 1942 679 pati.

349 695 620 760 Nullum
670 717 763 764 ,ex
808 692 1107 760 omnibus
1166 691 1514 758 clementia
1569 695 1776 778 magis
1836 715 2030 781 quam
2089 716 2311 780 regem
2367 705 2480 762 aut

994 793 1357 882 praelatum
1402 795 1610 860 decet.

158 907 298 966 255
353 899 621 966 Nullum
670 898 959 963 laborem
988 907 1293 967 recusant
1322 921 1553 963 manus
1583 897 1670 962 ab
1698 908 1914 977 aratro
1945 900 2031 962 ad.
2059 921 2240 964 arma
2267 908 2477 965 trans—

390 1075 399 1084 ·
995 1001 1188 1066 latae.

351 1104 623 1170 Nullum
666 1105 987 1170 morosius
1034 1113 1135 1170 est
1177 1103 1420 1168 animal
1465 1107 1838 1192 maioreque
1881 1115 2021 1169 arte
2068 1105 2480 1169 tractandum

998 1228 1191 1293 quam
1236 1206 1459 1273 homo:
1511 1216 1575 1271 et
1618 1207 1782 1271 nulli
1827 1208 2036 1294 magis
2078 1206 2478 1293 parcendum

997 1331 1191 1395 quam
1235 1309 1505 1374 homini.

348 1411 620 1477 Nullum
668 1413 810 1477 sine
855 1420 1341 1476 auctoramento
1389 1420 1488 1476 est
1531 1428 1840 1498 magnum
1885 1411 2145 1477 malum.

350 1515 589 1580 Nullus
636 1514 1006 1602 sapientum
1050 1514 1373 1601 proditori
1418 1513 1720 1578 credidit.

349 1619 722 1704 Numquam
769 1616 1091 1702 liquidum
1138 1617 1591 1703 sincerumque
1639 1639 1722 1680 ex
1766 1616 2032 1682 turbido
2079 1617 2282 1680 venit.

164 1728 304 1788 260
354 1721 725 1807 Numquam
771 1740 966 1806 quam
1008 1718 1257 1803 multis,
1305 1719 1423 1782 sed
1469 1719 1771 1806 qualibus
1818 1718 2098 1806 placeas,
2147 1721 2356 1784 stude.

350 1823 725 1910 Numquam
769 1822 930 1903 satis
976 1831 1096 1904 est,
1144 1820 1317 1909 quod
1362 1821 1698 1908 improbae
1743 1823 1884 1909 spei
1929 1822 2142 1887 datur.

352 1925 727 2011 Numquam
773 1945 1003 1988 secura
1048 1935 1146 1988 est
1190 1945 1395 2011 prava
1440 1925 1859 1989 conscientia.

350 2027 723 2114 Numquam
770 2027 1035 2090 virtutis
1079 2025 1272 2090 molle
1318 2026 1776 2091 documentum
1823 2035 1942 2091 est.

352 2129 748 2194 Occasiones
794 2151 927 2194 non
967 2127 1162 2194 modo
1204 2129 1471 2216 accipe,-
1500 2130 1735 2215 arripe.

164 2240 299 2298 265
352 2229 487 2296 Odi
530 2231 829 2318 praecoci
872 2229 1177 2317 puerulos
1226 2232 1565 2318 sapientia.

354 2332 487 2399 Odi
534 2334 917 2420 sapientem,
965 2333 1077 2419 qui
1124 2332 1252 2397 sibi
1295 2334 1425 2421 ipsi
1468 2354 1601 2397 non
1645 2333 1838 2419 sapit.

352 2436 597 2502 Omnes
643 2437 850 2501 vitam
897 2435 1271 2501 differentes
1312 2458 1491 2501 mors
1536 2436 1784 2501 incerta
1827 2435 2190 2521 praevenit.

351 2539 563 2604 Omne
607 2539 844 2604 vitium
888 2536 1087 2603 habet
1132 2540 1567 2625 patrocinium
1613 2560 1821 2608 suum.

353 2641 593 2705 Omnia
648 2663 791 2705 cum
839 2640 1105 2705 inimico
1152 2642 1517 2706 communia
1561 2640 1865 2722 habebit,
1925 2642 2037 2725 qui
2081 2639 2284 2704 multa
2329 2662 2476 2703 cum
2538 2666 2544 2672 ·

991 2743 1271 2809 homine.

170 2855 311 2911 270
358 2846 597 2911 Omnia
642 2845 904 2928 subicit,
953 2847 1065 2932 qui
1111 2868 1181 2910 se
1225 2845 1469 2911 subicit
1513 2845 1773 2911 rationi.

352 2948 551 3013 Omni
593 2948 691 3011 rei
733 2947 1093 3012 moderatio
1142 2958 1243 3013 est
1284 2947 1678 3012 adhibenda.

352 3050 581 3115 Omnis
630 3048 770 3115 dies
817 3049 1000 3115 velut
1040 3050 1309 3116 ultimus
1354 3050 1684 3138 putandus
1731 3058 1850 3114 est.

352 3365 475 3422 252
524 3367 607 3423 Gr
638 3365 693 3421 2.
727 3365 876 3423 Caec.
906 3364 1049 3422 Balb.
1083 3362 1223 3423 Mon.
1263 3366 1361 3438 17,
1394 3365 1453 3437 2,
1484 3384 1576 3440 pg.
1612 3366 1709 3423 26.
1741 3364 1894 3421 Publ.
1926 3363 2044 3438 Syr.
2078 3382 2124 3419 v.
2159 3363 2283 3421 384

168 3450 302 3508 253
351 3452 449 3507 Ps.
482 3450 632 3507 Caec.
666 3451 809 3509 Balb.
844 3452 986 3507 Mon.
1025 3452 1082 3523 1,
1117 3451 1213 3523 20,
1246 3470 1342 3525 pg.
1381 3452 1455 3507 19
1662 3448 1783 3507 254
1833 3450 1930 3506 Go.
1965 3449 2090 3505 Sen.
2122 3448 2188 3505 de
2220 3450 2376 3505 clem.
2416 3451 2472 3523 1,

168 3537 229 3609 3,
268 3536 309 3593 3
487 3536 609 3593 255
656 3538 721 3606 Q.
756 3536 882 3594 Sen.
918 3538 1074 3611 epist.
1112 3536 1213 3608 51,
1251 3536 1282 3591 1
1459 3535 1580 3593 256
1631 3538 1731 3593 Go.
1766 3535 1888 3591 Seu.
1923 3534 1990 3590 de
2019 3535 2171 3591 clem.
2209 3536 2265 3607 1,
2303 3536 2398 3606 17,
2437 3536 2465 3590 1

352 3621 472 3678 257
519 3622 617 3678 Ps.
652 3622 777 3678 Seu.
814 3624 971 3697 epist.
1004 3622 1104 3695 69,
1134 3621 1176 3677 4
1385 3620 1505 3679 258
1557 3622 1656 3678 Gr.
1689 3638 1754 3677 ex
1787 3620 1909 3677 cod.
1940 3620 2106 3677 Palat.
2141 3620 2291 3676 Caec.
2325 3620 2468 3675 Balb.

172 3708 299 3762 Par.
336 3706 397 3779 3,
430 3725 527 3781 pg.
562 3707 665 3781 38,
698 3706 804 3764 Cic.
838 3708 1047 3763 Verrin.
1089 3707 1143 3777 1,
1183 3706 1279 3778 15,
1313 3706 1392 3763 38
1513 3705 1633 3765 259
1685 3707 1784 3763 Ge.
1819 3706 1943 3762 Sen.
1978 3706 2044 3762 de
2075 3706 2228 3761 clem.
2263 3706 2320 3775 2,
2348 3705 2403 3775 6,
2437 3705 2468 3760 1

350 3790 475 3849 260
519 3793 587 3847 F.
622 3792 695 3849 De
726 3810 860 3848 mor.
894 3794 931 3849 8
964 3811 1077 3849 non
1108 3811 1279 3866 quam
1309 3796 1500 3849 multis
1672 3792 1792 3849 261
1840 3793 1937 3847 Ps.
2075 3788 2219 3848 '262
2265 3791 2364 3845 Ps.
2399 3789 2472 3845 De

170 3894 314 3933 mor.
350 3877 427 3934 65
462 3877 588 3933 coll.
622 3878 745 3935 Sen.
778 3880 935 3951 epist.
976 3878 1115 3951 105,
1149 3878 1185 3935 8
1371 3877 1494 3935 263
1540 3880 1616 3935 R.
1651 3876 1774 3935 Sen.
1809 3877 1876 3932 de
1901 3876 2110 3951 provid.
2145 3874 2206 3947 4,
2244 3874 2319 3931 12

172 3961 303 4019 264
352 3964 435 4017 Gr
477 3961 533 4017 2.
580 3961 729 4021 Caec.
776 3963 918 4019 Balb.
966 3962 1109 4019 Mon.
1156 3962 1267 4033 29,
1315 3963 1385 4035 2,
1426 3980 1521 4037 pg.
1568 3962 1680 4035 29,
1722 3963 1886 4017 Paris,
1931 3961 2000 4033 6,
2041 3978 2134 4037 pg.
2179 3961 2258 4018 38

172 4047 303 4106 265
346 4048 453 4105 Βο.
488 4049 747 4122 Apuleius
779 4049 935 4122 Apol.
971 4048 1006 4103 2
1192 4047 1313 4105 266
1360 4049 1468 4105 Bo.
1504 4048 1744 4103 Menand.
1779 4048 1861 4103 ed.
1895 4046 2053 4103 Mein.
2085 4066 2141 4121 p.
2177 4046 2299 4105 326

171 4132 302 4191 267
349 4135 417 4189 F.
452 4133 530 4189 Cs.
577 4151 741 4208 supra
781 4152 875 4208 pg.
921 4133 1023 4204 94,
1071 4133 1148 4191 26
1367 4133 1488 4191 268
1537 4134 1604 4188 F.
1649 4133 1772 4189 Seu.
1823 4134 1981 4206 epist.
2032 4132 2186 4205 116,
2220 4131 2256 4187 2

171 4218 301 4275 269
350 4219 414 4287 Q.
449 4218 574 4275 Sen.
606 4221 765 4299 epist..
799 4218 903 4290 47,
937 4218 973 4275 3
1114 4218 1238 4277 270
1284 4219 1349 4288 Q.
1384 4220 1612 4293 qui-scr.
1647 4218 1804 4275 Omn.
1840 4220 1950 4275 sibi
1978 4221 2106 4291 qui,·
2151 4217 2276 4272 Sen.
2309 4219 2466 4291 epist.
2508 4219 2514 4225 ’

170 4305 294 4377 37,
327 4303 367 4359 4
409 4302 642 4360 <nationi
686 4313 741 4361 te
785 4303 999 4376 subice,
1044 4306 1089 4360 si
1130 4306 1209 4360 vis
1251 4306 1429 4360 omnia
1473 4304 1732 4361 vincere?
1930 4303 2046 4359 271
2100 4302 2198 4358 Go,
2235 4302 2358 4358 Sen.
2402 4303 2468 4358 de

166 4389 330 4445 clem.
367 4390 424 4459 1,
458 4388 517 4460 2,
550 4389 584 4444 2
760 4388 880 4445 272
929 4384 994 4445 F.
1028 4389 1106 4445 Cf.
1142 4407 1305 4463 supra
1334 4408 1428 4465 pg.
1465 4389 1565 4461 94,
1600 4389 1677 4446 27

278 4494 533 4533 Pomanus
561 4494 721 4535 Snus.
2027 4488 2056 4533 9
