2917 4950
983 298 1530 348 PROLEGOMENA.
1760 325 1765 330 -
1972 290 1977 294 '
2167 364 2172 380 Ι
2337 281 2421 346 53

357 629 494 714 VI.
593 626 714 711 De
774 626 1095 712 Publilii
1156 617 1555 714 sententiis
1622 626 2161 714 emendandis.

282 827 373 892 Ut
405 826 571 892 Cafo
603 827 883 915 primum
914 829 1156 893 oratori
1185 838 1607 916 praeceptum
1638 829 1978 915 proposuit
2020 828 2209 892 ‘Rem
2240 838 2413 911 tene,

131 929 315 992 verba
357 935 763 1015 sequentur',
810 931 904 994 ita
946 931 1228 1016 primum
1273 931 1486 994 critici
1530 930 1821 995 officium
1853 937 1972 1011 est,
2018 931 2413 995 sententiam

127 1041 428 1119 spectare,
473 1041 543 1096 et
587 1031 747 1118 quid
792 1032 925 1096 dici
970 1031 1302 1114 debuerit,
1351 1031 1513 1119 quid
1556 1033 1865 1119 potuerit,
1915 1031 2075 1118 quid
2117 1055 2264 1098 non.
2294 1055 2409 1120 po·
2470 1097 2477 1104 ,

125 1135 338 1218 tuerit,
408 1133 914 1220 diligentissime
984 1134 1421 1199 considerare.
1510 1133 1694 1199 Solet
1759 1142 1977 1198 tamen
2032 1134 2208 1199 haud
2264 1134 2412 1200 leve

124 1234 419 1300 accedere
473 1234 978 1320 adminiculum,
1050 1258 1198 1300 cum
1255 1235 1430 1323 quod
1486 1258 1686 1304 unum
1742 1237 2082 1324 scriptoris
2141 1236 2411 1304 consilio

125 1336 504 1424 respondere
547 1340 985 1426 perspexeris,
1033 1337 1104 1402 id
1132 1347 1307 1402 recte
1339 1359 1409 1402 se
1441 1338 1681 1404 habere
1726 1338 2228 1423 argumentis
2273 1360 2408 1426 pa-

126 1439 711 1526 laeographicis
772 1438 880 1503 vel
949 1441 1316 1504 metricis
1384 1438 1493 1502 vel
1559 1462 1655 1504 ex
1723 1439 2055 1506 dicendi
2119 1461 2411 1526 genere

124 1543 394 1628 petitis
451 1543 863 1629 comprobari
919 1541 1148 1630 possit.
1243 1540 1659 1628 Quamquam
1705 1543 1909 1627 igitur
1953 1541 2081 1607 duo
2125 1537 2405 1629 plerum-

125 1667 236 1730 que
288 1643 392 1708 vel
446 1643 636 1732 plura
695 1646 893 1708 etiam
937 1644 1186 1709 indicia
1229 1643 1622 1707 emendandi
1669 1644 1846 1707 viam
1889 1652 2286 1728 monstrant,
2345 1654 2411 1708 et

121 1745 379 1811 alterum
424 1768 541 1834 per
585 1768 655 1811 se
698 1769 829 1812 non
873 1748 1033 1811 satis
1080 1755 1329 1810 certum
1357 1744 1627 1808 alterius
1657 1744 1907 1810 auxilio
1939 1733 2213 1831 indiget,
2260 1745 2397 1833 pla-

105 1849 246 1926 ‚cuit
287 1859 505 1914 tamen
550 1849 825 1914 seorsim
870 1847 1131 1934 singula
1177 1870 1475 1935 quaeque
1520 1840 1941 1936 perlustrare.
1990 1915 1999 1925 ,

283 1952 348 2035 1)
391 1951 664 2034 Libros,
721 1949 898 2015 unde
955 1949 1210 2015 codices
1258 1972 1298 2014 a
1341 1951 1531 2016 nobis
1590 1949 1813 2016 collati
1871 1948 2189 2037 descripti
2233 1960 2407 2035 sunt,

25 2128 32 2141 ι
122 2053 241 2115 iam
283 2053 462 2140 ipsos
526 2052 763 2118 litteris
814 2051 1299 2137 longobardicis
1360 2063 1661 2118 exaratos
1719 2052 1955 2136 fuisse,
2013 2050 2406 2139 frequentis-

123 2155 271 2218 sima
311 2153 679 2219 litterarum
724 2177 761 2218 r
806 2164 871 2218 et
912 2175 945 2220 s
989 2155 1286 2219 confusio
1319 2153 1684 2219 luculenter
1715 2154 2140 2220 demonstrat.
2214 2155 2403 2220 Ridi-

121 2255 250 2320 cula
307 2277 513 2343 paene
568 2256 825 2322 librarii
879 2257 1428 2341 Rheinaugiensis
1486 2258 1556 2320 in
1611 2279 1681 2321 re
1738 2278 1945 2344 prava
2005 2257 2402 2321 constantia:

120 2360 222 2444 qui
264 2381 411 2422 cum
455 2381 519 2427 v.
559 2361 632 2424 17
677 2380 910 2438 sumor,
964 2359 1040 2424 18
1072 2360 1434 2440 eoetorquesi,
1485 2358 1567 2424 86
1596 2361 1670 2424 in
1711 2379 1775 2424 se
1819 2360 2103 2438 adversa,
2153 2358 2257 2423 88.
2300 2357 2404 2424 91.

12 2526 14 2529 ,
121 2461 213 2525 96.
261 2462 400 2527 123.
453 2461 593 2527 131.
645 2461 768 2526 180
823 2459 1066 2527 similia
1123 2463 1530 2549 scripsisset,
1592 2484 1749 2527 mox
1802 2459 2134 2526 intellecto
2191 2476 2407 2527 errore

12 2622 14 2641 ,
121 2586 196 2626 ex
226 2563 564 2651 Charybdi
609 2566 676 2627 in
711 2563 999 2651 Scyllam
1031 2563 1326 2629 incidens
1360 2565 1687 2628 contraria
1716 2562 2185 2629 vocabulorum
2217 2586 2398 2629 mon-

122 2676 243 2729 stra
284 2664 577 2753 protulit,
624 2689 688 2730 v.
726 2668 846 2731 138
889 2668 1118 2745 oberre,
1172 2666 1290 2731 188
1333 2667 1501 2730 ruba
1542 2671 1766 2749 spectu,
1814 2665 1933 2730 251
1978 2667 2231 2746 hortem,
2279 2666 2406 2731 254

12 2804 14 2817 ÷
125 2770 484 2849 eriminora,
542 2768 668 2833 256
713 2768 1081 2833 calamitoro
1129 2777 1251 2830 etc.
1343 2767 1566 2848 Quare
1623 2768 1692 2830 in
1743 2789 1942 2831 versu
1984 2767 2107 2833 527
2153 2768 2223 2832 in
2268 2767 2405 2834 solo

125 2868 278 2935 Fris.
325 2879 585 2935 servato

363 3018 370 3026 “
438 3012 554 3088 Qui
583 3018 720 3086 pote
763 3014 1067 3072 consilium
1107 3012 1326 3087 smero,
1369 3030 1571 3086 sapere
1613 3013 1768 3072 idem
1798 3016 1991 3086 potest

12 3240 14 3243 y
120 3170 294 3225 aucta
338 3160 772 3247 oppositionis
820 3160 890 3223 vi
921 3158 1367 3246 reponendum
1401 3160 1921 3225 existimavimus
1952 3158 2194 3242 rapere.
2262 3160 2401 3225 Cfr.

121 3261 296 3327 Caec.
331 3260 520 3327 Balb.
553 3285 617 3348 p.
649 3263 753 3345 38,
786 3264 1170 3327 occasionem
1214 3283 1344 3327 non
1386 3264 1605 3345 accipi,
1653 3263 1763 3335 sed
1805 3263 1955 3345 rapi
1999 3264 2229 3342 debere,
2264 3263 2307 3327 J
2311 3261 2399 3328 ul.

119 3363 383 3451 Capitol.
441 3364 625 3454 Max.
686 3374 749 3428 et
805 3361 994 3428 Balb.
1055 3364 1096 3427 2
1151 3366 1416 3430 consilia
1471 3366 1784 3447 rapienda
1835 3384 1965 3428 non
2021 3368 2401 3450 quaerenda,

116 3465 264 3531 Hor.
309 3465 525 3554 Epod.
579 3467 678 3548 13,
723 3466 786 3529 4.
835 3465 986 3531 Sen.
1035 3466 1381 3552 epist.·70,
1425 3466 1531 3529 24.

273 3567 472 3649 Quod
515 3568 603 3633 ad
647 3570 1009 3656 scripturae
1055 3566 1438 3654 compendia
1482 3568 1751 3650 attinet,
1814 3566 2127 3655 plurimas
2173 3569 2401 3637 turbas

116 3673 309 3736 movit
351 3692 526 3757 apex
568 3669 713 3752 ille,
761 3692 886 3757 quo
934 3668 1191 3756 syllaba
1233 3692 1315 3735 ur
1360 3664 1796 3754 significatur,
1844 3692 1949 3739 ex,
1994 3692 2094 3755 gr.
2139 3693 2204 3734 v.
2249 3671 2400 3737 423.

117 3772 301 3837 Haud
360 3794 508 3837 raro
564 3772 768 3857 igitur
824 3774 1131 3858 passivae
1176 3770 1525 3836 verborum
1569 3771 1817 3837 formae
1862 3781 2197 3837 cesserunt
2239 3774 2399 3838 acti-

117 3876 241 3958 vis,
297 3886 410 3940 aut
464 3876 723 3939 activae
780 3896 1003 3938 rursus
1051 3874 1446 3961 depravatae
1493 3883 1645 3939 sunt
1688 3876 1758 3938 in
1802 3876 2134 3960 passivas,
2195 3875 2402 3941 veluti

120 3997 173 4039 v.
213 3978 357 4042 478.
386 3978 553 4046 448.
641 3975 1010 4064 Aliquoties
1057 3997 1139 4041 ur
1190 3975 1357 4039 abiit
1400 3976 1472 4039 in
1514 3978 1622 4041 uir
1671 3974 1778 4040 vel
1822 3979 1910 4042 ui.
2000 3976 2084 4041 V.
2128 3978 2252 4042 521
2300 3979 2397 4041 vi-

120 4078 274 4143 tiosa
328 4078 572 4145 codicis
617 4078 690 4141 F
726 4080 1050 4164 scriptura
1105 4079 1489 4161 continyitur
1538 4078 1695 4141 inde
1740 4087 1880 4143 orta
1924 4100 2068 4143 esse
2111 4078 2397 4163 videtur,

123 4180 282 4265 quod
324 4182 394 4244 in
436 4180 794 4267 archetypo
839 4181 1158 4266 scriptum
1201 4180 1330 4245 fuit

554 4341 720 4419 Quod
761 4341 858 4399 vix
901 4341 1196 4417 continyit,
1240 4342 1298 4399 vi
1339 4342 1687 4418 voluptatem
1719 4343 1904 4418 parit,
