2917 4950
988 307 1541 360 PROLEGOMENA.
2331 293 2407 358 15

1796 431 1831 444 .-

135 474 193 529 et
236 467 291 530 si
333 475 508 530 recte
553 466 1018 552 interpretatus
1067 487 1213 530 sum
1257 465 1837 530 Pseudovincentii
1886 464 2101 528 locum
2147 485 2233 527 ex
2276 485 2419 550 spe-

130 567 267 631 culo
312 567 542 632 morali
586 568 868 654 petitum
913 566 1026 652 (cf.
1073 566 1159 630 ad
1204 588 1268 630 v.
1315 566 1502 648 628),
1549 567 1880 652 integrum
1923 563 2196 630 Publilii
2240 586 2423 629 sena-

127 671 292 733 rium
321 669 495 757 apud
528 669 1008 756 Hieronymum
1051 678 1274 734 extare
1308 668 1573 733 credere
1604 667 1778 750 licet,
1824 688 2214 754 quamquam
2245 666 2423 731 locus

124 771 409 836 nondum
457 773 764 837 inventus
811 780 929 836 est.
1020 771 1324 858 Denique
1354 770 1829 858 posterioribus
1862 791 2117 856 quoque
2148 768 2422 834 saeculis

124 862 410 937 Publilii'
441 875 782 954 sententiis
830 895 1020 938 suum
1065 873 1271 937 fuisse
1316 872 1529 938 locum
1562 874 1632 936 in
1662 873 2240 959 grammaticorum
2272 894 2420 957 sup-

121 974 430 1061 pellectili
473 974 812 1058 litteraria,
861 974 1255 1042 lectionibus
1302 975 1551 1041 codicis
1582 973 1963 1038 Turicensis
2008 975 2103 1038 ita
2135 996 2241 1037 me
2272 994 2421 1038 con-

122 1076 526 1142 firmaturum
571 1078 844 1152 confid0‚
892 1087 966 1142 ut
1007 1071 1220 1141 bmnis
1267 1076 1592 1142 dubitatio
1636 1077 1981 1141 eximatur.
2070 1076 2172 1138 Ac
2198 1075 2422 1138 nescio

123 1201 202 1242 an
245 1178 359 1243 illa
404 1181 551 1268 ipsa
595 1202 636 1243 a
681 1180 1020 1275 codicibgs
1050 1180 1293 1245 nostris
1325 1178 1789 1265 discrepantia,
1838 1199 2032 1265 quam
2060 1176 2235 1266 apud
2264 1176 2421 1239 Hie-

123 1303 464 1370 ronymum
511 1282 1090 1370 deprehendimus,
1147 1281 1394 1346 indicio
1447 1303 1592 1346 esse
1636 1281 1844 1367 possit
1888 1278 2031 1343 ludi
2074 1280 2422 1364 magistros

64 1377 68 1381 ’
120 1381 215 1446 his
273 1385 620 1449 sententiis
683 1386 776 1449 ita
819 1407 971 1449 usos
1019 1406 1198 1467 esse,
1255 1394 1328 1448 ut
1370 1406 1607 1471 pueros
1655 1384 2016 1449 orationem
2058 1382 2316 1445 variare
2360 1388 2425 1444 et

121 1485 511 1574 homonyma
553 1486 954 1552 substituere
997 1487 1437 1551 instituerent.

285 1589 424 1653 Vix
469 1590 538 1652 in
583 1598 851 1654 censum
894 1588 1226 1653 vocandus
1273 1598 1372 1653 est
1416 1587 1921 1669 Macrobius,
1970 1607 2161 1672 quem
2193 1605 2309 1649 sua
2340 1605 2426 1648 ex

123 1689 330 1755 Gellio
390 1690 822 1777 descripsisse
875 1692 1007 1754 iam
1054 1687 1252 1779 supra
1296 1713 1405 1779 pg.
1450 1693 1513 1755 5.
1560 1689 2174 1753 demonstravimus.
2249 1686 2418 1751 Ulti-

121 1815 291 1856 mum
334 1794 506 1858 inter
550 1802 847 1858 auctores
879 1803 1138 1858 veteres
1184 1802 1418 1858 testem
1449 1791 1872 1879 producimus
1919 1789 2419 1870 Salvianum,

123 1916 199 1956 ex
242 1896 427 1959 cuius
472 1894 694 1960 verbis
750 1894 863 1981 (de
899 1897 1062 1980 gub.
1113 1895 1222 1959 dei
1277 1897 1309 1958 1
1327 1944 1345 1976 ,
1394 1896 1475 1958 10
1523 1900 1596 1959 ut
1648 1895 1753 1958 me
1796 1894 1893 1956 ait
1930 1891 2167 1956 Aliena
2210 1891 2407 1968 nobi&

124 2003 336 2062 nostra
369 1999 522 2081 plus
565 1999 715 2062 aliis
745 1998 1004 2080 placent
1043 2030 1150 2056 =.
1172 2020 1236 2061 v.
1285 1997 1396 2081 28)
1443 1997 1806 2060 sententias
1845 1992 2064 2058 medio
2110 2014 2279 2057 saec.
2325 1992 2408 2055 V'.

122 2100 183 2160 in
227 2099 574 2164 multorum
614 2121 746 2183 ore,
794 2099 910 2163 sed
956 2109 1186 2187 poetae
1229 2120 1464 2164 nomen
1494 2099 1791 2183 ignotum
1822 2096 2028 2161 fuisse
2058 2093 2409 2180 colligitur.

283 2201 468 2266 Haec
515 2201 651 2265 fere
698 2201 780 2264 de
809 2200 1096 2266 Publilio
1144 2223 1230 2265 ex
1271 2199 1649 2266 auctoribus
1695 2198 1916 2263 latinis
1948 2217 2175 2262 eruere
2206 2196 2411 2261 licuit.

127 2301 228 2365 Ex
275 2304 435 2390 ipsis
485 2305 829 2368 sententiis
876 2305 1086 2404 possit
1129 2303 1367 2390 aliquis
1411 2301 1647 2366 elicere
1676 2299 2017 2387 Euripidis
2048 2298 2423 2383 tragoedias

129 2415 186 2468 et
218 2407 613 2471 comicorum
646 2427 1032 2491 graecorum
1064 2404 1320 2483 fabulas
1351 2404 1530 2468 haud
1558 2404 1927 2489 incognitas
1959 2401 2164 2466 fuisse
2195 2398 2420 2466 Publi-

32 2500 40 2513 ’
122 2505 200 2570 1ἱο
269 2507 381 2593 (cf.
428 2508 513 2571 ad
559 2531 624 2571 v.
671 2509 777 2573 36.
823 2510 972 2573 438.
1016 2509 1164 2574 458.
1211 2509 1402 2593 636),
1463 2504 1839 2575 Phaedrum
1899 2513 2125 2570 contra
2180 2503 2419 2590 passim

125 2609 391 2674 Publilii
450 2612 811 2676 sententias
873 2612 1280 2697 expressisse
1341 2610 1455 2695 (cf.
1504 2609 1590 2672 ad
1648 2631 1711 2671 v.
1760 2608 1907 2673 255.
1955 2607 2133 2692 644).
2224 2604 2433 2700 Quod·

133 2711 408 2801 denique
456 2715 524 2776 in
567 2712 870 2777 versibus
900 2714 1050 2778 450.
1083 2713 1207 2778 635
1247 2712 1501 2798 patriae
1544 2711 1812 2774 relictae
1857 2720 1921 2773 et
1966 2708 2419 2772 manumissio-

136 2816 233 2878 nis
287 2816 596 2880 memoria
651 2817 951 2898 inicitur,
1009 2816 1296 2879 animum
1353 2814 1673 2929 cogitatio
1725 2811 1903 2877 subit
1945 2808 2303 2874 Publilium
2348 2830 2422 2871 ea
2485 2822 2503 2832 ‘

135 2939 380 3021 quoque
423 2916 602 2982 haud
647 2939 793 2981 raro
838 2917 1160 3001 attigisse,
1209 2939 1375 3003 quae
1417 2915 1505 2979 ad
1549 2916 1758 3001 ipsius
1801 2933 2148 2999 personam
2185 2912 2419 2975 vitam-

141 3041 260 3103 que
301 3014 724 3107 pertinerent.
800 3018 931 3085 Sed
974 3019 1135 3082 haec
1165 3020 1370 3084 satius
1399 3018 1710 3083 videtur
1690 3040 1761 3081 1n
1788 3014 2005 3079 medio
2034 3014 2420 3099 relinquere.

214 3433 316 3518 II.
416 3434 536 3517 De
601 3432 1160 3520 sententiarum
1222 3432 1849 3530 Publilianarum
1912 3427 2335 3514 codicibus.

279 3635 631 3718 Codicum,
680 3635 792 3721 qui
835 3634 1203 3698 sententias
1247 3655 1288 3696 a
1319 3634 1521 3697 nobis
1568 3631 1778 3697 editas
1826 3631 2184 3712 continent,
2232 3627 2412 3691 dum-

124 3734 301 3800 modo
348 3738 731 3801 memineris
777 3733 1052 3800 Publilii
1097 3757 1330 3801 nomen
1374 3736 1758 3823 plerumque
1802 3733 2079 3798 cessisse
2110 3730 2416 3813 Senecae,

127 3844 247 3901 tam
304 3861 542 3925 magna
605 3848 706 3904 est
763 3840 982 3925 copia,
1039 3847 1113 3903 ut
1159 3837 1440 3903 editores
1486 3836 1594 3901 vel
1638 3836 2028 3901 novissimos
2073 3834 2417 3919 perpaucis

127 3948 366 4006 tantum
391 3991 410 4026 ,
459 3951 524 4006 et
570 3942 744 4028 quod
788 3940 984 4004 valde
1029 3939 1380 4005 dolendum
1427 3950 1555 4024 est,
1601 3942 1840 4027 partim
1885 3942 2225 4022 corruptiS,
2270 3933 2417 3999 aliis

133 4040 329 4109 bonae
389 4045 660 4132 quidem
716 4053 910 4108 notae
968 4042 1085 4107 sed
1138 4045 1421 4129 pessime
1468 4041 1722 4107 collatis
1766 4041 1850 4104 ad
1897 4038 2417 4104 emendationem

135 4168 273 4212 usos
319 4170 461 4212 esse
509 4149 649 4211 iure
690 4148 1056 4232 meritoque
1098 4146 1378 4209 mireris.
1471 4142 1653 4222 Quos
1700 4141 2157 4232 ipseadhibui
2199 4142 2270 4204 in
2300 4140 2413 4204 ad-

131 4250 399 4313 ornanda
443 4250 731 4315 editione
775 4269 941 4330 mea,
989 4247 1059 4311 hi
1105 4258 1286 4312 sunt:

286 4354 346 4439 1)
393 4350 669 4417 Codex
730 4351 1161 4449 Parisinus
1228 4350 1543 4414 latinus
1602 4348 1771 4413 2676
1820 4346 2018 4432 (Ρα),
2085 4344 2410 4408 membra—
