2917 4950
828 304 1140 352 Pussmnu
1186 302 1343 351 SYRI
1390 303 1850 352 senmurum.
2373 285 2494 350 105

178 478 327 516 Prov.
377 457 627 539 Repelli.
663 477 728 522 se
769 458 1049 522 homines
1086 458 1345 538 facilius
1391 478 1584 539 quam
1627 459 1828 540 decipi
1867 458 2100 538 serunt.

372 559 621 642 Respue
663 559 1089 624 crudelitatem
1132 564 1190 624 et
1229 565 1496 625 matrem
1539 560 1926 624 crudelitatis
1969 561 2157 623 iram.

370 661 471 726 Re
524 682 673 726 vera
727 663 1031 726 memoria
1084 662 1520 744 beneficiorum
1581 661 1841 744 frayilis
1898 666 2012 739 est,
2091 661 2492 726 iniuriarum

241 834 249 842 ,
1316 767 1321 772 ’
1423 769 1630 828 tenax.

234 872 325 930 85
376 865 748 930 Ridiculum
791 870 879 930 est
922 867 1061 930 odio
1104 867 1381 930 nocentis
1422 867 1850 930 innocentiam
1881 865 2163 947 perdere.

376 967 507 1032 Res
548 989 699 1033 vera
742 972 844 1045 est,
891 969 1002 1048 qui
1046 988 1089 1030 a
1132 968 1346 1032 multis
1387 968 1657 1046 timetur,
1705 967 1932 1031 multos
1975 968 2164 1031 timet.
2191 959 2217 985 ‘

378 1069 657 1152 Reyibus
687 1070 877 1150 peius
921 1073 1009 1132 est
1051 1069 1243 1134 multo
1287 1089 1482 1150 quam
1523 1069 1966 1134 servientibus:

375 1193 445 1235 re
488 1192 655 1249 vera,
703 1171 857 1252 quia
900 1171 998 1234 illi
1040 1171 1339 1252 sinyul08,
1383 1172 1492 1234 isti
1533 1172 1858 1236 universos
1901 1171 2136 1234 timent.

379 1273 509 1337 Res
559 1275 704 1354 ipsa
757 1276 828 1336 ut
869 1277 1205 1354 praestare
1246 1274 1568 1354 possimus
1621 1272 1867 1356 efficiet,
1925 1274 1984 1338 si
2028 1272 2317 1357 polliceri
2348 1292 2499 1354 pro-

1416 1393 1725 1456 peramus
1766 1375 2040 1439 honesta.
2531 1455 2548 1465 .

240 1485 332 1542 90
378 1476 541 1540 Rem
584 1478 933 1540 maximam
964 1477 1282 1558 promittit
1322 1477 1435 1542 tibi
1478 1478 1812 1559 sapientia,
1859 1481 1930 1541 ut
1969 1481 2027 1541 te
2068 1477 2326 1540 reducat
2371 1474 2502 1539 tibi.

376 1577 575 1642 Recta
625 1579 883 1660 inqenia
948 1577 1231 1642 debilitat
1284 1579 1660 1643 verecundia
1674 1628 1689 1657 ,
1737 1599 1956 1659 prava
1998 1579 2332 1660 confirmat
2375 1597 2494 1641 au-

1435 1680 1640 1744 dacia.

383 1781 513 1847 Res
554 1783 790 1863 optima
833 1786 921 1845 est
960 1801 1089 1846 non
1130 1782 1452 1847 sceleratos
1497 1783 1861 1863 exstirpare,
1907 1782 2017 1845 sed
2057 1779 2304 1845 scelera.

385 1883 571 1949 Recte
609 1904 839 1966 parem
882 1889 939 1948 et
979 1884 1343 1966 inferiorem
1398 1883 1656 1963 lauda-5,
1707 1885 1871 1965 ,quia
1915 1885 2190 1966 pertinet
2245 1883 2335 1948 ad
2370 1881 2502 1964 ylo-

1432 1988 1605 2050 riam
1648 1990 1842 2050 tuam.

388 2088 515 2152 Res
567 2107 837 2170 maynae
890 2086 1243 2152 clementiae
1298 2091 1413 2166 est,
1473 2088 1865 2171 indulyendc
1907 2089 2213 2169 corriyere
2245 2090 2507 2168 peccata

418 2195 424 2204 “
1433 2210 1627 2271 quam
1669 2189 2070 2253 vindicando.

379 2290 683 2370 Ratione,
728 2311 860 2354 non
903 2291 974 2353 vi
1019 2289 1343 2354 vincenda
1386 2289 1836 2355 adulescentia
1881 2299 1999 2354 est.
2115 2337 2120 2346 .

106 2586 119 2591 ·
201 2586 484 2631 comens
528 2569 787 2626 Proverb.
829 2570 995 2626 PRF
1020 2568 1182 2643 (EC),
1215 2570 1298 2642 M,
1345 2589 1393 2625 v.
1428 2562 1795 2634 569—583;
1842 2571 1899 2626 F
1924 2567 2026 2647 (T)

388 2722 467 2780 82
514 2722 718 2796 despici
752 2720 798 2777 0
963 2722 1044 2780 83
1089 2724 1297 2796 respice
1329 2724 1388 2779 E
1565 2732 1788 2779 matrem
1816 2722 2080 2780 PRFEC
2126 2723 2282 2779 Vinc.
2319 2722 2385 2777 B.
2419 2738 2505 2794 sp.

208 2812 269 2866 d.
301 2807 375 2877 4,
411 2808 549 2865 133.
586 2807 735 2864 136:
781 2808 1075 2863 ministram
1106 2807 1171 2863 M
1201 2806 1301 2868 31.
1392 2807 1482 2881 Cf.
1522 2807 1711 2875 Quint.
1750 2812 1880 2866 inst.
1914 2826 1997 2865 or.
2032 2808 2102 2880 9,
2137 2807 2208 2879 3,
2240 2806 2320 2863 89
2364 2804 2507 2863 ‘cru-

210 2893 453 2950 delitatis
496 2899 666 2947 mater
696 2899 780 2947 est
812 2892 1067 2964 avaritia',
1115 2900 1175 2948 et·
1198 2896 1309 2950 inc.
1346 2901 1494 2966 tray.
1529 2895 1691 2964 apud
1718 2895 1897 2949 Ruta.
1929 2893 2073 2965 Lup.
2107 2893 2176 2963 2,
2211 2892 2268 2963 6,
2294 2909 2392 2966 pq.
2430 2890 2506 2947 15

208 2981 407 3036 Halm.
442 2978 594 3033 MuS.
628 2976 816 3033 Rhen.
856 2977 1039 3047 1868,
1062 2996 1163 3052 pq.
1200 2977 1320 3035 692
1524 2977 1604 3034 84
1649 2995 1708 3033 re
1740 2974 1890 3055 vera]
1924 2994 2044 3033 nam
2077 2978 2140 3033 M
2174 2976 2292 3033 128

208 3061 601 3119 beneficiorum
631 3062 787 3119 PRC
829 3063 984 3119 Vino.
1022 3064 1091 3120 B.
1125 3079 1214 3133 sp.
1236 3064 1302 3118 τί.
1338 3061 1409 3134 4,
1444 3061 1544 3119 54.
1582 3062 1729 3120 135:
1775 3062 2020 3119 beneficii
2051 3064 2109 3118 F
2305 3060 2506 3132 fragilis

210 3148 381 3204 PRF
422 3148 602 3203 Vim-..-
647 3146 817 3203 facilis
848 3150 1013 3221 vulqo
1044 3146 1130 3218 M,
1162 3146 1338 3203 brevis
1372 3148 1416 3205 C
1585 3148 1665 3205 85
1714 3148 1760 3205 C
1803 3148 1958 3205 Vinc.
1995 3148 2065 3204 B.
2100 3164 2188 3219 sp.
2223 3141 2372 3217 d.'4,'
2405 3146 2501 3202 74.

218 3234 373 3304 136,
404 3231 471 3287 Μ
501 3232 573 3289 61
752 3248 839 3286 res
883 3248 1008 3287 vera
1039 3240 1123 3288 est
1154 3233 1291 3289 FE:
1334 3250 1423 3289 res
1455 3241 1512 3289 et
1544 3250 1665 3289 vera
1697 3240 1780 3289 est
1811 3234 1947 3304 PR,
1992 3250 2052 3289 re
2083 3249 2206 3312 vera
2256 3233 2412 3289 Vinc.
2447 3230 2507 3299 4,

216 3317 296 3375 74
328 3325 390 3375 ut
411 3335 581 3389 prov.
615 3316 718 3387 84,
750 3316 852 3387 88,
884 3328 991 3373 om.
1043 3316 1203 3373 Vinc.
1237 3316 1297 3389 4,
1335 3317 1476 3389 136,
1508 3316 1588 3377 M.
1680 3317 1768 3391 Cf.
1805 3337 1854 3374 v.
1889 3318 2009 3375 338
2195 3317 2274 3374 87
2325 3316 2413 3389 Cf.
2449 3335 2498 3373 v.

212 3403 335 3461 322
468 3400 818 3476 regnantibus
852 3402 921 3457 M
948 3401 1060 3459 141
1198 3410 1281 3458 est
1312 3403 1549 3459 PREC:
1581 3421 1686 3459 om.
1718 3404 1774 3458 F
1899 3402 1978 3459 88
2025 3403 2168 3477 sing.
2201 3402 2280 3457 illi
2310 3402 2366 3457 F

216 3489 298 3546 89
346 3490 393 3544 si
423 3489 803 3561 promittamus
833 3487 888 3542 h.
922 3486 967 3542 C
1151 3488 1233 3545 90
1278 3504 1449 3560 prom.
1482 3486 1577 3542 tibi
1606 3488 1761 3544 PRC
1804 3488 1959 3544 Vinc.
1993 3487 2065 3542 B.
2100 3504 2185 3559 sp.
2218 3490 2271 3543 d.
2305 3487 2365 3558 9,
2397 3485 2508 3541 41:

215 3573 310 3629 tihi
342 3590 448 3629 om.
484 3574 540 3627 F
734 3571 809 3627 91
857 3571 1179 3627 verecundia
1206 3571 1391 3643 ‘PRcs
1434 3571 1708 3627 iracundia
1758 3573 1914 3628 Vinc.
1948 3572 2021 3627 B.
2055 3588 2141 3644 sp.
2177 3574 2230 3628 d.
2261 3571 2332 3639 4,
2368 3569 2508 3637 133,

213 3659 471 3731 sapientia
506 3658 576 3728 F,
609 3662 948 3727 corruptum
980 3672 1059 3713 ex
1090 3676 1139 3713 v.
1176 3657 1257 3713 90
1410 3673 1571 3730 prava
1600 3657 1706 3712 PR
1755 3658 1936 3713 Vino„-
1965 3674 2126 3731 parva
2155 3657 2226 3726 F,
2257 3670 2509 3729 perversa

220 3741 266 3797 C
432 3740 511 3798 92
573 3741 727 3797 Vinc.
768 3742 834 3795 Β.
864 3758 953 3812 sp.
987 3743 1042 3797 d.
1064 3741 1148 3811 ἱ4,
1184 3741 1303 3799 136
1505 3743 1802 3815 exstirpare
1834 3741 1962 3798 scel.
1994 3743 2051 3795 F
2057 3766 2075 3804 ,·
2120 3742 2350 3813 stirpare
2382 3738 2506 3809 PR,

218 3843 482 3901 exurpare
513 3828 586 3897 E,
618 3842 869 3898 rumpere
916 3827 1071 3883 Vinc.
1108 3828 1179 3881 B.
1215 3843 1300 3897 sp.
1334 3828 1387 3883 d.
1422 3825 1485 3898 4,
1519 3826 1597 3883 66
1750 3826 1992 3882 excelera
2025 3824 2109 3880 Pb
2268 3823 2347 3881 93
2393 3823 2510 3880 Pli-

114 3962 125 3981 ,
214 3916 344 3969 nius
375 3916 539 3984 epist.
573 3911 609 3968 6
630 3952 645 3980 ,
686 3910 783 3982 17,
815 3911 855 3965 4
898 3910 1077 3967 ‘lauda
1110 3911 1191 3966 vel
1235 3911 1544 3967 inferiorem
1575 3911 1659 3967 vel
1700 3911 2036 3984 superiorem
2070 3909 2151 3966 vel
2182 3926 2364 3983 parem
2397 3953 2409 3966 .
2445 3950 2458 3963 .
2492 3951 2505 3965 .

217 3998 339 4070 quia
369 3997 607 4069 pertinet
636 3995 703 4050 ad
736 4003 877 4051 tuam
909 3995 1182 4068 gloriam'.
1333 4012 1517 4069 parem
1547 3997 1792 4067 Plinius,
1836 3995 1991 4057 Vino,
2021 3996 2087 4050 B.
2121 4012 2209 4068 sp.
2233 3998 2287 4051 d.
2316 3994 2375 4067 5,
2401 3995 2508 4052 69:

215 4089 491 4155 parentem
525 4081 733 4138 PRFC
922 4080 1002 4137 94
1064 4082 1222 4139 Vinc.
1256 4081 1329 4137 B.
1363 4098 1450 4153 sp.
1486 4082 1541 4136 d.
1576 4080 1636 4152 4,
1671 4080 1749 4137 68
1934 4081 2142 4156 indulg.
2176 4082 2345 4154 magis
2377 4098 2425 4136 c.
2459 4080 2516 4135 F

217 4168 495 4239 corrigere
524 4164 662 4221 Pho
701 4167 883 4222 Vina.-
924 4182 1214 4241 corregere
1247 4165 1422 4236 PaR,
1468 4168 1742 4240 corripere
1772 4167 1845 4238 F,
1885 4163 2187 4237 dimittere,
2230 4182 2358 4236 sup.
2391 4181 2506 4221 scr.

218 4250 302 4306 vel
332 4251 610 4325 corrigere
644 4252 701 4306 E
866 4259 1081 4323 peccata
1112 4253 1293 4324 potius
1326 4268 1486 4325 quam
1535 4253 1690 4309 Vinc.
1851 4250 1988 4308 -569
2035 4249 2396 4306 adolescentia
2427 4255 2511 4303 est

214 4336 470 4409 Inqolst..·
504 4344 588 4391 est
618 4336 700 4391 ad.
734 4336 791 4391 F
