2917 4950
482 287 564 350 66
1114 303 1426 351 Pnssmnu
1473 304 1632 352 suu
1676 302 2134 352 senmurum.

651 457 764 521 Ad
808 457 1069 522 tristem
1114 467 1366 544 partem
1411 467 1677 522 strenua
1721 467 1821 522 est
1864 457 2170 544 suspicio,

648 559 850 623 Ames
895 568 1254 646 parentem,
1303 560 1358 623 si
1401 581 1649 645 aequus
1696 569 1827 623 est:
1875 561 1932 623 si
1974 558 2186 642 aliter,
2234 559 2428 623 feras.

647 661 968 748 Aspicere
1012 671 1288 749 oportet,
1339 659 1661 747 quidquid
1705 662 1916 748 possis
1960 659 2258 748 perdere.

526 770 604 828 10
647 763 867 826 Amici
910 762 1076 826 vitia
1121 765 1178 827 si
1224 764 1420 844 feras,
1443 762 1669 851 ‘facias
1712 771 1847 827 tua.

644 863 953 929 Alienum
996 887 1107 929 aes
1152 863 1400 929 homini
1443 866 1728 950 ingenuo
1770 865 2009 930 acerba
2052 874 2151 930 est
2196 866 2500 946 servitu&

643 966 1010 1032 Absentem
1051 966 1278 1050 laedit,
1325 990 1475 1032 cum
1518 967 1701 1033 ebrio
1747 969 1860 1054 qui
1903 966 2141 1052 litigat.

644 1069 894 1134 Amans
938 1071 1146 1135 iratus
1188 1068 1394 1133 multa
1435 1069 1747 1134 mentitur
1792 1069 1942 1134 sibi.

641 1171 906 1236 Avarus
951 1172 1094 1258 ipse
1135 1172 1439 1235 miseriae
1484 1193 1681 1235 causa
1724 1179 1823 1235 est
1868 1193 2042 1235 suae.

520 1280 598 1338 15
644 1274 894 1338 Amans
941 1271 1104 1359 quid
1150 1273 1373 1360 cupiat
1418 1276 1564 1357 scit,
1610 1271 1770 1360 quid
1817 1274 2029 1360 sapiat
2071 1294 2203 1337 non
2246 1272 2452 1336 videt.

643 1376 886 1440 Amans
934 1373 1108 1462 quod
1155 1376 1543 1462 suspicatur,
1590 1374 1874 1460 vigilans
1920 1375 2221 1438 somniat.

643 1475 754 1540 Ad
799 1475 1238 1541 calamitatem
1282 1475 1559 1564 quilibet
1602 1499 1821 1542 rumor
1864 1475 2061 1540 valet.

639 1579 846 1645 Amor
890 1579 1266 1666 extorqueri
1309 1601 1442 1643 non
1486 1588 1661 1666 pote,
1708 1576 1880 1644 elabi
1923 1589 2095 1665 pote.

642 1681 753 1746 Ab
798 1691 1058 1746 amante
1103 1680 1390 1746 lacrimis
1437 1681 1722 1745 redimas
1769 1680 2193 1745 iracundiam.

521 1790 604 1849 20
647 1783 895 1871 Aperte
940 1782 1112 1848 mala
1157 1806 1298 1847 cum
1349 1793 1447 1848 θεῖ
1491 1783 1745 1864 mulier,
1791 1793 1931 1846 tum
1975 1781 2232 1846 demum
2280 1791 2380 1846 est
2423 1782 2614 1847 bona.

475 2011 744 2055 comens
789 2015 840 2053 v.
876 1995 1110 2051 1-342
1156 1993 1611 2068 PRBFVOEG)

641 2132 676 2188 7
725 2151 832 2189 om.
863 2133 967 2188 Pb.
1143 2139 1405 2186 strennua
1445 2132 1499 2187 R
1523 2131 1853 2188 VEr-asmus
2022 2139 2108 2186 est
2139 2131 2401 2188 Senecae
2442 2133 2610 2188 editio
2640 2131 2755 2186 Ba-

471 2221 720 2275 siliensis
750 2221 892 2274 anni
921 2214 1108 2288 1515,
1139 2217 1484 2272 Fabricius:
1529 2234 1633 2272 om.
1665 2217 1712 2272 L
1862 2223 1962 2272 str.
1994 2233 2041 2271 ε.
2074 2215 2305 2274 debetur
2336 2217 2381 2272 C
2548 2215 2585 2273 8
2630 2217 2761 2272 Dio-

471 2307 624 2377 nysii
652 2303 882 2359 Catonis
913 2303 1067 2358 brev.
1102 2307 1247 2358 sent.
1281 2300 1365 2359 40
1395 2298 1673 2358 ‘Parentes
1705 2302 1960 2375 patientia
1990 2299 2168 2357 vince'
2346 2308 2429 2357 est
2460 2301 2517 2356 B
2545 2317 2661 2358 sec.
2692 2319 2760 2356 m.

472 2405 657 2460 supra
701 2404 956 2457 versum,
1005 2387 1088 2442 sin
1132 2386 1288 2443 aliter
1319 2387 1387 2457 G,
1433 2388 1773 2456 FabriciuS,
1816 2388 1970 2443 unde
1998 2387 2405 2443 Froehlichius
2450 2389 2691 2443 coniecit
2718 2387 2761 2440 si

471 2490 706 2547 aequus3
749 2474 831 2529 sin
862 2472 1018 2529 aliter
1047 2471 1206 2527 feras,
1341 2471 1479 2529 alter
1508 2474 1597 2529 Pa
1630 2474 1916 2529 Erasmus
2084 2472 2121 2528 9
2167 2472 2421 2547 Aspicere
2452 2469 2511 2545 (i.
2544 2488 2593 2528 e.
2630 2488 2761 2527 ocu-

467 2562 542 2616 lis
583 2556 896 2629 custodire)
951 2558 1102 2614 LEO
1113 2584 1128 2612 .·
1197 2558 1475 2631 despicere
1502 2560 1777 2615 editores
1827 2574 1907 2614 eae
1956 2562 2293 2614 coniectura
2343 2558 2587 2614 Pithoei.
2674 2556 2759 2628 Cf.

459 2662 563 2718 pq.
607 2643 684 2701 52
730 2647 923 2702 adnot.
1101 2644 1355 2717 quicquid
1411 2646 1537 2701 cod.
1588 2644 1749 2701 Trin.
1810 2650 1867 2699 et
1906 2642 2259 2700 Sidneianus
2307 2643 2582 2699 Bentleii.-
2638 2641 2762 2715 quid

469 2730 744 2801 PaRE'C,
795 2729 942 2805 quod
984 2730 1070 2785 Pb
1113 2730 1228 2785 BF
1241 2731 1309 2800 V,
1368 2746 1507 2804 quae
1548 2728 1627 2786 H.
1673 2730 2007 2800 Stephanus
2176 2729 2352 2801 possit
2394 2726 2447 2781 R
2620 2726 2763 2799 quod

468 2816 650 2889 possis
691 2814 989 2888 deperdere
1031 2816 1343 2885 Erus-mue,
1399 2814 1657 2889 quicquid
1699 2814 1842 2870 nolis
1887 2812 2116 2886 perdere
2158 2813 2378 2869 Gruter
2549 2813 2630 2869 10
2675 2810 2761 2883 Cf.

469 2919 518 2957 v.
563 2899 714 2963 474;
773 2904 945 2957 aliter
1004 2901 1190 2956 Varro
1233 2900 1394 2971 apud
1431 2901 1675 2956 Gellium
1719 2901 1746 2955 1
1771 2943 1787 2971 ,
1826 2900 1925 2970 17,
1956 2897 1995 2953 4
2166 2898 2341 2953 Mores
2384 2897 2537 2953 amici
2579 2896 2763 2953 Bothe

639 2986 686 3041 si
727 2985 784 3040 B
824 2988 883 3041 in
925 3002 1172 3055 rasura,
1224 2984 1284 3057 C,
1327 2986 1643 3041 Erasmus:
1690 2985 1791 3041 nisi
1820 2984 2125 3053 PRFVE,
2170 2983 2256 3039 vel
2299 2984 2401 3039 nisi
2442 2982 2499 3037 B
2538 2998 2651 3037 sec.
2690 3000 2760 3036 m.

469 3086 656 3141 supra
689 3080 806 3126 scr}
840 3071 896 3124 ni
935 3070 1239 3140 Pithoeus,
1286 3069 1375 3125 ubi
1425 3070 1584 3127 Vino.
1620 3070 1770 3127 Bell.
1804 3086 1892 3140 sp.
1926 3072 1979 3125 d.
2016 3068 2087 3139 5,
2119 3068 2197 3125 89
2370 3062 2407 3100 '¹‘
2437 3066 2626 3122 facias:
2672 3082 2762 3121 ne-

470 3170 620 3211 cesse
663 3162 746 3210 est
787 3154 948 3209 facias
980 3156 1036 3209 B
1077 3152 1177 3227 (ef.
1211 3158 1290 3211 acl
1317 3174 1367 3211 v.
1405 3154 1577 3227 671),
1628 3155 1757 3211 sacis
1786 3154 2115 3211 PRFVEC
2160 3154 2316 3210 Vino.
2362 3152 2523 3208 facies
2555 3152 2760 3208 Bothe.

472 3240 564 3313 Cf.
599 3258 697 3314 pq.
743 3237 822 3295 57
999 3239 1073 3293 11
1122 3240 1438 3296 Menandri
1476 3241 1723 3297 Monost.
1767 3239 1890 3297 514
1940 3226 2012 3293 τὰ
2064 3230 2279 3295 δάνεια
2328 3226 2578 3304 δούλους
2628 3226 2764 3303 τούς

471 3318 826 3398 ἐλευθέρους
866 3324 1034 3378 ποιεῖ
1195 3341 1285 3380 aes
1315 3324 1392 3396 P,
1423 3326 1729 3382 Pithoeus.-
1774 3342 1832 3381 es
1874 3342 2029 3382 corr.
2065 3340 2144 3381 eoe
2174 3330 2258 3380 est
2288 3323 2372 3394 B,
2421 3340 2527 3379 om.
2561 3324 2675 3379 RF
2688 3323 2762 3383 V,-

469 3410 636 3467 alien³a
669 3411 815 3466 hom.
843 3411 901 3481 G,
937 3411 1226 3467 Erasmus
1338 3418 1422 3466 est
1453 3427 1569 3467 see.
1604 3414 1675 3467 m.
1700 3427 1828 3482 sup.
1854 3426 1972 3466 scr.
2001 3409 2071 3479 B,
2108 3428 2213 3465 om.
2238 3412 2403 3482 vulqo
2543 3408 2619 3463 12
2668 3406 2767 3463 EG

489 3496 644 3552 Vinc.
671 3496 818 3552 Bell.
847 3511 936 3567 sp.
965 3498 1020 3553 d.
1046 3494 1106 3567 4,
1127 3494 1246 3553 157
1387 3494 1570 3553 Semet
1598 3498 1774 3569 ipsum
1806 3494 1943 3550 laed.
1976 3497 2101 3551 cod.
2122 3496 2385 3568 Reqinae
2418 3493 2559 3565 170,
2610 3494 2754 3549 Vati-

470 3597 658 3637 canus
703 3597 860 3637 saec.
907 3582 972 3637 Χ
1006 3579 1180 3653 (Bibl.
1225 3585 1295 3638 cle
1333 3580 1539 3639 l‘e'cole
1578 3584 1681 3637 des
1722 3582 1959 3637 charles
1997 3580 2091 3650 II,
2129 3580 2270 3635 117.
2314 3580 2381 3635 P.
2416 3578 2557 3652 Syri
2594 3581 2757 3646 mimi,

470 3684 598 3723 cum
628 3673 746 3724 not.
779 3668 926 3722 Ern.
964 3666 1301 3741 Smedber9‚
1345 3670 1533 3723 denuo
1577 3669 1663 3723 ed.
1700 3667 1827 3721 Em.
1867 3664 2037 3737 Tafel
2072 3663 2267 3735 1841,
2290 3680 2356 3734 p.
2391 3662 2493 3735 52)
2668 3662 2759 3737 qui

467 3769 590 3809 cum
633 3752 783 3813 ebrio
832 3753 988 3809 Vino.
1023 3753 1308 3807 Erasmus
1484 3752 1560 3809 13
1609 3752 1698 3823 Cf.
1731 3770 1781 3808 v.
1818 3749 1936 3806 247
2116 3748 2193 3805 14
2237 3750 2353 3823 ipsa
2394 3751 2623 3806 videtur
2658 3766 2756 3821 pr.

467 3856 538 3894 m.
572 3842 851 3911 scriptum
886 3837 1077 3910 fuisse
1117 3841 1176 3893 in
1207 3837 1264 3892 B
1439 3835 1516 3893 15
1562 3831 1695 3913 scit]
1743 3844 1837 3891 aut
1868 3836 1913 3892 0
2085 3834 2161 3891 16
2205 3833 2414 3907 vigians
2446 3836 2530 3904 R,
2578 3834 2635 3888 in
2675 3833 2756 3888 die

469 3923 696 3997 vigilans
731 3924 775 3979 0
945 3922 1022 3979 17
1070 3940 1180 3979 non
1215 3922 1355 3977 valet
1385 3924 1509 3977 eod.
1543 3921 1893 3985 Bernensis‚
1937 3937 2048 3976 non
2078 3936 2199 3976 rec.
2233 3922 2315 3975 m.
2339 3936 2525 3992 supra
2555 3934 2673 3975 ser.
2708 3917 2758 3973 B

642 4006 717 4063 18
763 4015 892 4082 pote
925 4051 936 4062 .
971 4051 982 4062 .
1015 4016 1146 4081 pote
1197 4008 1254 4076 V,
1297 4013 1485 4080 potest
1517 4053 1530 4065 .
1563 4050 1574 4061 .
1606 4013 1792 4081 potest
1820 4005 2145 4062 PRBFEG
2188 4006 2345 4061 Vino.
2380 4005 2531 4061 Bell.
2571 4020 2660 4075 sp.
2702 4006 2750 4061 d.

467 4091 528 4163 4,
565 4092 705 4150 109.
739 4092 798 4163 6,
833 4091 912 4147 14
1086 4092 1224 4148 elabi
1256 4092 1299 4148 0
1321 4112 1334 4146 ε
1358 4092 1453 4147 sed
1498 4091 1636 4147 elabi
1664 4091 1773 4148 PB
1803 4108 1920 4147 rec.
1954 4110 2025 4147 m.
2058 4108 2188 4162 sup.
2235 4106 2349 4146 scr.
2384 4090 2556 4147 FVE
2598 4090 2751 4145 Vino.

469 4177 599 4246 sede
638 4176 745 4233 labi
788 4178 872 4247 R,
917 4176 1011 4231 sed
1058 4175 1163 4231 labi
1193 4175 1268 4232 B.
1346 4175 1432 4247 Of.
1481 4196 1529 4232 v.
1564 4175 1704 4234 453.
1881 4176 1956 4232 19
2006 4176 2096 4248 Cf.
2134 4176 2363 4231 Terent.
2409 4176 2562 4231 Eun.
2599 4175 2666 4244 1,
2698 4172 2751 4243 2,

469 4260 546 4317 22
584 4279 670 4335 sq.
842 4260 1070 4317 redimas
1113 4261 1202 4317 Pa
1246 4260 1408 4316 RBG
1463 4262 1620 4320 Vinc.
1666 4262 1817 4318 Bell.
1862 4278 1951 4332 sp.
1994 4262 2049 4317 d.
2096 4260 2168 4331 5,
2210 4260 2320 4319 88:
2364 4259 2597 4317 redimes
2628 4258 2749 4327 FV,

466 4346 683 4403 redimis
713 4347 800 4402 Pb
973 4344 1054 4403 20
1099 4346 1189 4419 Cf.
1235 4364 1283 4401 v.
1328 4345 1450 4402 317
1625 4355 1808 4420 aperta
1868 4346 2027 4402 Vine.
2072 4346 2223 4403 Bell.
2264 4362 2354 4418 sp.
2387 4344 2547 4429 (135,
2586 4345 2689 4413 10,
2725 4359 2749 4395 a
