2917 4950
785 301 1099 348 PUBLILII
1145 299 1303 348 srm
1349 298 1808 347 SENTENTIAE.
2370 279 2448 344 81

330 456 625 522 Honeste
669 475 898 541 parcas
942 453 1261 540 improbo,
1306 462 1379 517 ut
1423 473 1653 540 parcas
1699 450 1924 538 probo.

168 566 281 622 225
327 558 775 622 Humanitatis
822 558 1071 644 optima
1115 565 1215 620 est
1260 557 1553 620 certatiO.

326 661 556 725 Honos
601 659 945 724 honestum
989 657 1276 742 decorat,
1324 657 1742 722 inhonestum
1783 664 1988 720 notat.

326 763 478 826 Heu
523 761 928 826 conscientia
971 761 1174 823 animi
1216 760 1443 845 gravis
1491 768 1590 823 est
1635 758 1950 823 servitus!

326 864 678 930 Hominem
723 863 921 926 etiam
964 861 1143 946 frugi
1184 861 1394 926 flectit
1438 882 1634 947 saepe
1678 861 1951 924 occasio.

324 966 600 1031 Homini
644 963 989 1033 consilium
1032 973 1188 1028 tunc
1233 963 1439 1046 deest,
1487 985 1634 1028 cum
1677 960 1884 1026 multa
1928 961 2202 1025 invenit.

166 1075 282 1133 230
326 1067 615 1133 Inferior
656 1068 877 1150 rescit,
924 1065 1246 1154 quidquid
1289 1075 1519 1153 peccat
1562 1066 1878 1151 superior.

326 1169 676 1234 Inimicum
720 1168 951 1234 ulcisci
995 1171 1203 1234 vitam
1246 1170 1546 1256 accipere
1591 1177 1689 1231 est
1731 1165 2023 1249 alteram.

326 1270 626 1336 Invitum
671 1292 816 1334 cum
861 1273 1172 1356 retineas,
1219 1273 1401 1334 exire
1444 1270 1700 1334 inciteS.

326 1373 814 1458 Ingenuitatem
858 1372 1102 1456 laedas,
1150 1396 1297 1439 cum
1342 1373 1688 1458 indignum
1730 1393 1944 1457 roges.

328 1477 416 1539 In
457 1474 635 1540 nullo
679 1497 915 1540 avarus
960 1476 1172 1542 bonus
1218 1486 1339 1559 est,
1392 1478 1464 1540 in
1509 1497 1579 1540 se
1621 1475 1963 1562 pessimus

168 1585 281 1642 235
330 1578 527 1665 Inopi
576 1578 960 1642 beneficium
1003 1579 1107 1644 bis
1155 1579 1289 1662 dat,
1338 1579 1450 1666 qui
1495 1577 1610 1642 dat
1655 1574 1972 1640 celeriter.

328 1681 605 1766 Inopiae
650 1679 886 1746 desunt
928 1681 1155 1763 multa,
1199 1681 1519 1745 avaritiae
1564 1679 1802 1744 omnia.

334 1783 669 1848 Instructa
711 1786 933 1871 inopia
978 1793 1075 1847 est
1119 1785 1189 1846 in
1234 1782 1491 1848 divitiis
1538 1781 1885 1869 cupiditas.

337 1886 593 1950 Invitat
639 1885 916 1972 culpam,
964 1888 1077 1974 qui
1122 1896 1464 1973 peccatum
1507 1885 1841 1971 praeterit.

171 2113 436 2157 comens
482 2117 533 2154 v.
570 2097 933 2156 224—229:
981 2097 1187 2172 mr),
1220 2117 1270 2154 v.
1305 2097 1676 2157 230—263:
1721 2041 1944 2154 imm
1971 2093 2165 2167 (Tae)

334 2216 459 2273 224
509 2216 597 2290 Cf.
632 2238 681 2274 v.
717 2217 838 2276 345
1012 2227 1072 2275 ut
1110 2235 1296 2293 parcas
1331 2218 1575 2275 Gruter:
1621 2224 1681 2272 ut
1723 2233 1833 2272 non
1864 2232 2046 2272 careas
2079 2215 2150 2285 F,
2193 2215 2263 2269 de
2297 2217 2464 2269 cuius

170 2306 504 2374 corruptela
560 2303 641 2375 cf.
696 2323 744 2360 v.
792 2304 909 2362 381
930 2347 947 2376 ,
1002 2312 1057 2360 et
1107 2321 1293 2378 parcas
1335 2305 1676 2374 Palatinus,
1730 2310 1790 2357 ut
1841 2317 2024 2358 caveas
2078 2299 2268 2356 Bothe

169 2385 283 2444 226
334 2389 512 2443 honor
548 2389 597 2443 T
760 2397 913 2446 notat
937 2407 1041 2446 om.
1080 2391 1131 2446 T
1297 2388 1417 2446 227
1465 2389 1571 2446 heu
1605 2389 1848 2444 Gruter.-
1892 2387 2023 2442 haec
2051 2387 2109 2441 F
2274 2385 2454 2458 gravis

170 2481 246 2528 est
297 2475 533 2529 servitus
578 2475 821 2533 Gruter.-
866 2478 1083 2551 gravior
1133 2484 1218 2532 est
1271 2477 1535 2532 servitute
1577 2474 1636 2529 F
1644 2500 1665 2539 ‚-
1709 2474 1790 2546 cf.
1833 2493 1882 2531 v.
1932 2472 2032 2528 11.
2067 2470 2210 2529 583.
2301 2471 2470 2540 Quod

169 2557 291 2614 olim
324 2562 711 2633 conieceram,
744 2561 861 2617 Heu
892 2562 1219 2617 conscientia
1254 2562 1516 2617 servitute
1549 2560 1766 2633 gravior
1797 2566 1900 2628 est,
1928 2572 2143 2630 parum
2176 2572 2455 2613 commen-

170 2644 342 2700 datur
373 2664 421 2701 v.
459 2645 598 2703 100.
631 2645 755 2704 443
973 2646 1098 2704 230
1141 2648 1305 2703 rescit
1335 2648 1566 2702 restitui
1604 2660 1685 2700 ea:
1714 2644 1796 2699 P.-
1842 2644 2016 2699 nescit
2048 2642 2184 2713 RE,
2231 2642 2467 2696 orrescit

170 2729 239 2801 B,
270 2730 540 2786 horrescit
572 2731 667 2787 FC
715 2733 873 2789 Vino.
906 2731 1055 2789 Bell.
1087 2748 1175 2804 sp.
1209 2734 1263 2788 d.
1298 2731 1358 2803 5,
1390 2731 1451 2803 6,
1483 2730 1673 2785 horret
1703 2729 2020 2799 Erasmus,
2051 2734 2198 2783 casat
2231 2728 2316 2782 vel
2347 2742 2468 2783 cre.-

172 2816 267 2869 scit
309 2814 473 2871 codd.
519 2817 779 2889 Bentlei,
835 2819 986 2873 unde
1026 2817 1377 2873 RibbecIcius
1420 2822 1607 2871 causat
1635 2838 1720 2859 =
1749 2820 2032 2883 causatum
2088 2827 2212 2868 cum
2255 2810 2461 2884 periclo

172 2899 391 2956 inferior
422 2902 635 2974 quaerit
668 2900 736 2973 T,
768 2920 1011 2975 quocum
1044 2903 1123 2975 cf.
1160 2900 1304 2960 Gell.
1338 2901 1373 2956 2
1392 2943 1408 2971 ‚
1444 2901 1544 2973 19,
1577 2898 1614 2955 2
1658 2900 1775 2973 ‘qui
1805 2898 2006 2955 factum
2036 2894 2255 2971 aliquod
2287 2895 2468 2951 occul-

174 2985 277 3039 tius
320 2988 635 3059 cognoscit,
675 2988 721 3042 is
754 2988 951 3043 dicitur
977 2989 1197 3061 proprie
1227 2984 1473 3043 rescire'.
1648 2985 1900 3059 superior
1932 2981 2171 3039 BFEC:
2214 2982 2467 3056 superius

174 3069 305 3142 PR,
354 3073 446 3145 qui
478 3072 728 3145 superius
762 3072 1034 3130 occultare
1066 3072 1347 3129 contendit
1380 3072 1433 3126 T
1603 3069 1722 3128 231
1771 3078 1856 3125 est
1885 3070 2128 3143 accipere
2157 3068 2472 3123 Fabricius

175 3213 185 3229 .
252 3182 294 3234 ᾖ
342 3155 463 3213 232
508 3158 687 3212 incitis
717 3159 799 3229 P,
840 3160 1028 3214 incitas
1064 3159 1109 3215 0
1288 3156 1409 3214 233
1454 3160 1516 3213 in
1546 3158 1604 3211 F
1638 3156 1804 3228 infra
1842 3158 2058 3230 leyilur
2085 3160 2222 3226 post
2264 3172 2314 3209 v.
2347 3152 2467 3209 276

340 3241 520 3297 laedas
550 3243 715 3299 PRB
746 3261 847 3315 pr.
890 3262 963 3299 m.
994 3245 1073 3300 F.-
1118 3242 1283 3299 laedis
1316 3242 1405 3298 Pa
1445 3258 1560 3299 sec.
1602 3260 1674 3297 m.
1707 3242 1758 3295 B
1801 3257 1958 3297 corr.
1995 3240 2056 3311 C,
2088 3238 2251 3295 laedit
2298 3237 2458 3295 Vinc.

180 3326 320 3383 Bell.
355 3343 444 3397 sp.
477 3329 533 3383 d.
564 3328 627 3400 4,
659 3327 737 3383 51
884 3322 1035 3404 cum]
1071 3330 1164 3402 qui
1211 3329 1369 3384 Vinc.
1523 3327 1750 3401 dignum
1780 3327 1838 3382 B
1986 3340 2149 3399 roges
2179 3322 2469 3379 PRBFC:

178 3428 331 3485 rogas
355 3414 445 3468 Pa
476 3428 594 3469 sec.
618 3432 691 3468 m.
717 3421 879 3487 rogat
918 3414 1077 3471 Vinc.
1112 3413 1466 3469 Honestatem
1497 3411 1696 3468 laedes·
1751 3428 1874 3467 cum
1904 3426 2005 3483 pro
2038 3408 2264 3483 indigno
2296 3410 2464 3464 inter-

179 3497 316 3552 cedis
353 3498 405 3553 T
582 3496 707 3555 234
752 3498 978 3556 Seneca
1022 3502 1249 3571 epistul.
1298 3498 1449 3570 108,
1493 3497 1530 3553 9
1585 3514 1698 3553 non
1742 3497 1932 3552 addito
1973 3495 2208 3552 Publilii
2245 3497 2470 3550 nomine

339 3584 394 3637 in
436 3582 589 3658 nullo
620 3583 753 3639 LE.-
795 3586 850 3639 in
892 3584 1102 3641 nullum
1144 3584 1403 3655 Seneca,
1444 3582 1580 3637 nulli
1629 3583 1786 3640 Vinc.
1831 3582 1984 3637 Bell.
2031 3597 2118 3652 sp.
2154 3581 2207 3635 d.
2241 3577 2313 3650 4,
2350 3575 2470 3633 144

340 3669 396 3722 in
428 3662 515 3743 se]
548 3669 697 3742 inopi
749 3670 908 3727 Vina.
937 3670 1199 3741 fortasse
1226 3670 1351 3743 ipsi,
1383 3672 1498 3725 nisi
1517 3671 1714 3740 potius
1743 3668 2081 3739 corruptela
2113 3670 2242 3720 orla
2275 3669 2360 3719 est
2391 3679 2471 3719 ea:

183 3770 231 3807 v.
263 3768 379 3825 seq.
414 3757 604 3817 initi05
650 3756 743 3827 qui
788 3762 923 3811 ante
964 3757 1019 3810 in
1059 3772 1118 3811 se
1148 3771 1277 3826 sup.
1310 3770 1424 3811 scr.
1458 3753 1516 3808 B
1545 3768 1662 3809 sec.
1695 3772 1765 3809 m.
1969 3748 2090 3806 235
2137 3748 2196 3803 E
2388 3746 2501 3812 bis,

182 3836 331 3893 datur
361 3840 448 3911 B,
492 3839 617 3911 plus
659 3840 750 3895 dat
792 3842 883 3913 qui
914 3857 958 3896 c.
991 3847 1232 3913 praestat
1269 3840 1333 3911 T,
1375 3836 1555 3901 benef.
1589 3837 1677 3893 dat
1706 3839 1753 3893 is
1786 3837 1877 3910 qui
1924 3836 2082 3892 Vinc.
2115 3833 2262 3889 Bell.
2295 3849 2383 3905 sp.
2416 3834 2470 3887 d.

184 3920 240 3992 4,
272 3923 346 3979 51
526 3922 647 3980 236
696 3924 922 3982 Seneca
956 3932 1211 3982 controv.
1248 3924 1307 3999 7,
1342 3923 1453 3995 18,
1487 3924 1524 3979 8
1557 3921 1734 3994 (206,
1770 3922 1846 3978 16
1879 3917 2083 3990 Βανε.)
2130 3918 2360 3974 ‘Desunt
2389 3916 2471 3972 lu-

185 4010 357 4064 xuriae
388 4006 580 4082 multa,
612 4026 658 4064 a.
696 4008 773 4066 o.'
822 4011 1047 4067 Seneca
1080 4012 1311 4082 epistul.
1347 4008 1490 4079 108,
1524 4007 1558 4064 9
1593 4006 1820 4063 ‘Desunt
1847 4006 2062 4079 inopiae
2093 4005 2282 4075 multa,
2315 4020 2362 4063 a.
2387 4004 2462 4059 o.'

319 4094 471 4175 inopi
504 4096 555 4149 B
586 4110 701 4151 sec.
732 4114 804 4151 m.
973 4095 1023 4151 d.
1055 4094 1224 4151 multa
1256 4094 1519 4151 Seneca.-
1547 4090 1708 4165 parva
1739 4092 1790 4147 d.
1825 4092 1872 4147 L
1913 4092 2068 4151 Vinc.
2103 4089 2258 4146 Bell.
2292 4106 2379 4161 sp.
2413 4089 2467 4144 d.

186 4176 242 4247 4,
274 4178 415 4252 144,
444 4175 506 4238 Ea
537 4178 774 4253 (cuncta)
806 4180 1006 4237 desunt
1038 4181 1101 4254 C,
1134 4179 1183 4234 d.
1216 4196 1386 4254 pauca
1419 4179 1637 4235 Gruter
1791 4193 1947 4233 avaro
1979 4178 2035 4232 B
2077 4191 2193 4232 sec.
2223 4193 2295 4230 m.

189 4261 300 4321 237
347 4265 450 4321 EC
492 4268 651 4324 Vinc.
692 4266 835 4323 Bell.
866 4283 954 4338 sp.
988 4268 1043 4326 d.
1078 4266 1139 4337 4,
1176 4263 1295 4321 146
1433 4265 1615 4338 inopia
1644 4265 1911 4320 instructa
1945 4261 1990 4317 0
2057 4252 2062 4256 ’
2117 4259 2238 4317 238
2285 4258 2474 4314 invitat

192 4348 245 4419 C,
279 4352 598 4423 ErasmuS,
629 4352 820 4407 invitat
850 4351 1098 4424 profecto
1136 4351 1186 4406 T
1196 4376 1209 4403 .-
1253 4352 1309 4405 in
1338 4366 1398 4405 se
1428 4352 1565 4405 vitat
1590 4350 1669 4421 L,
1711 4350 1827 4423 ipse
1857 4349 2020 4403 intrat
2049 4346 2267 4408 Bolhe;
2308 4344 2389 4415 cf.
2423 4360 2470 4399 v.

280 4456 533 4496 Pomanus
560 4452 721 4497 Snus.
2035 4444 2065 4492 6
