2917 4950
565 291 648 358 3⁶2
920 329 938 349 ι
1431 303 1980 358 Paotseousm.

564 466 760 529 tionis
819 471 1139 551 emptores
1193 459 1444 547 aliquid
1500 461 1875 526 desiderare
1932 469 2221 546 possent.
2311 457 2596 539 Adiutus
2640 468 2731 524 est
2764 459 2814 524 in

565 565 804 630 edendi
849 586 1046 652 opera
1089 563 1347 628 schedis
1392 561 1797 645 Desbilloni,
1856 563 1968 649 qui
2012 563 2259 650 passim
2302 583 2451 626 cum
2495 561 2709 627 Bothii
2746 563 2813 624 in·

564 668 782 732 ventis
826 655 1064 735 mirum
1108 666 1178 730 in
1221 664 1485 730 modum
1531 664 1942 751 conspirasse
1983 673 2282 751 repertus
2326 674 2445 730 est.

732 769 988 834 Novem
1030 767 1218 832 annis
1261 775 1409 854 post
1439 764 1711 830 Publilii
1740 767 2096 830 sententias
2142 765 2464 832 ‘adhibito
2496 765 2663 830 libro
2692 767 2812 828 scri-
2879 808 2892 828 .·

563 880 675 957 pto
722 869 1342 958 Gryphiswaldensi
1400 869 1894 933 membranaceo
1907 916 1928 950 ,
1985 889 2341 954 numquam
2382 877 2578 932 antea
2620 867 2815 932 collato
2895 891 2896 898 ¹

563 974 892 1038 recensuit
923 981 987 1036 et
1008 973 1328 1038 varietate
1358 969 1659 1036 lectionis
1690 971 2006 1035 instruxit
2031 970 2151 1034 Dr.
2183 970 2354 1035 Car.
2388 969 2659 1034 Gruern
2672 991 2816 1033 erus
2866 989 2873 994 ·

562 1073 1028 1158 Reinhold',
1075 1072 1463 1139 Anclamiae
1508 1072 1691 1155 1838,
1736 1074 1843 1137 cui
1882 1070 2106 1137 libello
2152 1071 2430 1137 multum
2484 1093 2641 1135 sane
2684 1093 2818 1135 com-

561 1176 998 1251 mendationis
1043 1174 1323 1258 addidit,
1370 1196 1518 1238 cum
1560 1173 1808 1260 aliquot
1850 1195 2055 1239 novas
2100 1173 2457 1238 sententias
2492 1195 2579 1236 ex
2602 1172 2711 1236 illo
2740 1194 2817 1235 co-

565 1278 710 1342 dice
753 1279 1111 1343 accessisse
1152 1277 1487 1365 professus
1522 1287 1713 1342 esset.
1779 1277 2028 1341 Verum
2058 1275 2208 1341 illae
2239 1277 2603 1341 sententiae
2630 1296 2818 1340 omnes

563 1402 649 1445 ex
677 1381 964 1446 Senecae
1009 1379 1288 1464 dialogis
1333 1390 1445 1443 aut
1489 1378 2021 1444 Pseudosenecae
2064 1377 2147 1441 de
2190 1376 2481 1442 moribus
2527 1377 2694 1442 libro
2736 1377 2819 1438 de·
2881 1390 2896 1777 Ι

561 1491 858 1569 sumptae
903 1491 1077 1564 sunt,
1120 1481 1296 1546 unde
1340 1480 1633 1545 codicem
1678 1478 2407 1568 Gryphiswaldensem‚
2456 1479 2633 1565 quod
2675 1479 2820 1542 idem

561 1584 765 1648 multa
808 1584 1044 1648 menda
1090 1587 1250 1650 satis
1295 1582 1555 1666 docent,
1602 1605 1687 1646 ex
1719 1582 2132 1670 interpolatis
2164 1604 2307 1646 esse
2338 1591 2514 1646 certo
2548 1579 2820 1643 efficitur.
2894 1625 2896 1628 ι

729 1686 994 1751 Accedo
1058 1687 1187 1751 iam
1239 1684 1327 1750 ad
1389 1683 1691 1749 ultimum
1745 1682 2016 1756 Publilii
2086 1682 2437 1766 editorem,
2500 1685 2713 1747 virum
2760 1681 2821 1744 de
2894 1727 2896 1744 2

560 1788 770 1873 poetis
837 1789 1058 1854 latinis
1121 1789 1365 1874 optime
1425 1787 1760 1871 meritum,
1830 1787 2203 1852 Ottonem'
2267 1783 2820 1863 Ribbeckium,
2891 1828 2897 1866 :

562 1895 748 1975 quem
777 1879 780 1886 ¹
808 1891 880 1954 in
923 1890 1336 1956 Comicorum
1379 1888 1729 1954 latinorum
1772 1888 2067 1974 reliquiis
2112 1909 2222 1975 pg.
2266 1887 2605 1952 258—308
2648 1895 2821 1951 totam
2876 1891 2893 1913 ⁸

561 1994 1006 2078 quaestionem
1059 1993 1515 2080 profligavisse
1572 2000 1761 2057 erunt
1818 1991 2096 2054 fortasse
2153 1991 2265 2076 qui
2310 1987 2577 2052 credere
2621 1987 2823 2052 velint.

561 2092 759 2174 Quod
803 2096 860 2160 si
904 2097 997 2160 ita
1041 2105 1236 2179 esset,
1281 2096 1430 2160 aliis
1474 2096 1693 2182 potius
1740 2092 1975 2158 studiis
2022 2093 2092 2155 in
2134 2091 2313 2157 horis
2356 2090 2709 2156 subcisivis
2739 2111 2823 2152 va-

561 2217 840 2262 cassem:
901 2219 1045 2261 cum
1095 2207 1345 2281 autem,
1393 2197 1552 2283 quid
1596 2198 1666 2260 in
1712 2195 1851 2260 eius
1900 2194 2191 2259 editione
2232 2195 2375 2259 iure
2416 2191 2823 2274 desideretur,

559 2298 690 2361 iam
733 2299 804 2362 in
847 2298 1173 2384 Philologi
1228 2299 1360 2365 vol.
1407 2300 1513 2364 22.
1559 2321 1669 2386 pg.
1714 2297 1840 2362 436
1886 2306 1951 2361 et
1992 2296 2118 2360 462
2174 2294 2605 2359 indicaverim
2649 2295 2825 2380 potis-

561 2400 920 2487 simamque
965 2404 1514 2466 erroris-causam
1556 2400 1712 2465 inde
1754 2399 2204 2487 repetiverim,
2264 2397 2436 2484 quod
2479 2396 2593 2460 ille
2638 2396 2825 2462 subsi-

560 2502 688 2568 diis
747 2504 992 2568 criticis
1047 2526 1278 2591 parum
1330 2506 1690 2570 instructus
1736 2512 1873 2567 erat
1885 2551 1904 2585 ,
1963 2501 2366 2566 voluntatem
2408 2522 2525 2587 pro
2568 2522 2639 2563 re
2680 2498 2827 2562 acci-

558 2627 714 2693 pere
757 2606 1103 2694 oportebit.
1194 2606 1331 2688 Qui
1376 2608 1549 2677 enim
1592 2605 1855 2692 poterit,
1902 2603 1970 2668 id
2002 2602 2177 2690 quod
2210 2602 2675 2687 gravissimum
2707 2620 2829 2664 esse

558 2709 885 2793 existimo,
933 2710 1015 2773 de
1059 2709 1399 2775 sententiis
1443 2708 1682 2795 aliquis
1726 2716 1975 2771 certum
2004 2705 2221 2769 facere
2249 2704 2586 2785 indicium,
2633 2705 2831 2767 sintne

555 2809 828 2876 Publilii
882 2796 998 2875 an*
1021 2835 1183 2894 non,
1257 2813 1362 2876 cui
1416 2833 1498 2874 ne
1554 2810 1624 2875 id
1682 2808 1945 2896 quidem
2001 2816 2286 2890 constet,
2346 2805 2503 2892 quid
2561 2806 2631 2867 in
2692 2827 2828 2892 quo-

558 2935 682 2999 que
738 2914 964 2979 codice
1008 2915 1326 3001 scriptum
1381 2914 1468 2978 sit
1482 2913 1516 2975 ‘2
1583 2910 1708 2975 Vel
1754 2912 1847 2975 sic
1890 2920 2104 2973 tamen
2149 2907 2593 2973 Ribbeckium
2636 2908 2830 2972 tribus

558 3024 948 3100 quattuorve
1001 3016 1302 3080 versibus
1359 3014 1638 3079 salutem
1690 3012 1987 3078 attulisse
2030 3009 2207 3075 haud
2252 3008 2670 3084 diffitendum
2719 3018 2829 3073 est:

555 3114 808 3202 reliqua
861 3116 1276 3203 plerumque·
1295 3118 1393 3182 sic
1446 3116 1863 3181 considerare
1917 3112 2115 3177 malui
2171 3114 2359 3199 quasi
2415 3113 2661 3200 scripta
2719 3133 2835 3175 non

558 3229 796 3301 essent,
843 3241 926 3283 ne
969 3220 1039 3283 in
1081 3218 1440 3284 refellendo
1486 3218 1740 3303 longior
1782 3216 2026 3280 fierem.
2117 3204 2189 3280 Si
2234 3216 2403 3279 enim
2449 3214 2576 3282 hoc
2608 3214 2833 3279 editori

435 3377 453 3394 ,
557 3320 874 3385 committi
919 3320 1104 3403 solet,
1150 3330 1224 3385 ut
1267 3321 1505 3407 quibus
1551 3322 1619 3384 in
1664 3318 1824 3384 locis
1870 3341 2017 3382 eum
2062 3319 2175 3404 qui
2218 3318 2516 3405 proxime
2552 3325 2833 3381 anteces-

558 3424 644 3486 sit
685 3424 1049 3488 correxisse
1092 3424 1219 3487 sibi
1265 3421 1562 3504 videtur,
1610 3420 1817 3486 fusius
1862 3430 2182 3506 exponat,
2237 3420 2596 3485 Ribbeckii
2640 3420 2831 3484 editio

556 3547 708 3608 una,
753 3534 980 3612 utpote
1025 3526 1108 3589 ad
1153 3547 1445 3590 normam
1489 3526 1651 3589 artis
1698 3525 1965 3589 criticae
2012 3532 2263 3606 exacta,
2309 3524 2379 3585 in
2424 3544 2685 3587 censum
2736 3542 2832 3585 ve-

553 3629 696 3691 nire
751 3636 1008 3715 poterat
1074 3649 1238 3714 quae
1291 3629 1361 3691 in
1415 3628 1965 3715 comparationem
2039 3634 2423 3711 perpetuam
2477 3632 2835 3689 vocaretur.

556 3729 686 3795 Sed
752 3729 1018 3795 meliore
1082 3740 1401 3817 apparatu
1466 3731 1785 3795 instructo
1841 3728 2259 3793 inhonestum
2312 3736 2642 3791 certamen
2696 3746 2835 3790 cum

553 3834 788 3898 inermi
853 3834 994 3898 fore
1058 3832 1508 3920 providebam.
1599 3831 1902 3896 Ceterum
1971 3828 2148 3917 quod
2203 3828 2615 3894 Ribbeckius
2672 3828 2836 3892 dixit

553 3933 904 3998 admodum
949 3957 1154 4022 pauca
1200 3957 1367 4019 esse,
1414 3956 1580 4021 quae
1608 3924 1975 3997 acc‘uratius
2008 3934 2305 3997 excussis
2334 3931 2677 4016 argutiolis
2708 3930 2834 3994 illis

556 4034 723 4099 disci
778 4047 1074 4122 possent,
1133 4035 1203 4101 id
1247 4060 1378 4102 non
1419 4036 1659 4101 falsum
1714 4034 1982 4122 quidem
2026 4045 2154 4118 est,
2212 4032 2329 4099 sed
2374 4055 2459 4097 ex
2502 4032 2836 4098 sententiis

555 4138 722 4201 male
778 4140 1075 4203 excussis
1131 4140 1328 4203 etiam
1381 4141 1687 4226 pauciora
1743 4136 2189 4203 redundatura
2244 4158 2385 4201 esse
2440 4136 2636 4200 facile
2688 4156 2834 4197 con-

555 4241 842 4305 cedetur.
2060 4297 2067 4303 .
2895 4240 2896 4243 ’

723 4342 890 4407 Cum
932 4363 1015 4406 ne
1061 4340 1381 4408 editiones
1428 4343 1689 4429 quidem
1737 4364 1955 4409 omnes
1988 4338 2259 4407 Publilii
2305 4362 2681 4408 enumerare
2724 4360 2835 4403 vo·
2894 4376 2896 4427 i
