2917 4950
502 280 586 347 36
873 275 878 280 ’
1375 295 1923 346 PROLEGOMENA.

505 451 671 532 Quis
716 471 873 514 vero
919 449 1117 515 fuerit
1161 459 1376 537 poeta,
1423 452 1607 515 cuius
1656 472 1740 514 ex
1782 449 1969 516 libris
2014 451 2301 514 incertus
2345 450 2498 516 libri
2542 449 2625 515 de
2652 476 2767 517 mo-

498 552 683 618 ribus
737 561 964 616 auctor
1019 551 1332 617 nonnulla
1381 551 1776 638 desumpsit,
1833 561 1907 616 ut
1948 553 2268 617 incertum
2314 563 2445 637 est,
2500 557 2595 618 ita
2640 577 2769 618 eum

498 678 630 721 non
674 655 881 720 fuisse
924 653 1278 719 Publilium
1321 653 1651 718 affirmare
1695 652 1873 718 licet.-
1958 652 2173 733 Quid!
2228 655 2401 740 quod
2448 666 2769 720 sexcento-

498 781 640 823 rum
700 767 764 822 et
819 757 992 844 quod
1058 758 1346 821 excurrit
1409 778 1751 838 versuum,
1820 779 1980 842 quos
2038 755 2321 823 Publilio
2388 759 2771 823 vindicaturi

500 883 752 943 sumus,
809 881 892 924 ne
948 882 1112 924 unus
1169 859 1434 944 quidem
1490 860 1560 921 in
1616 847 1784 922 libro
1842 858 1925 920 de
1968 859 2263 924 moribus
2308 859 2580 945 legitur,
2644 883 2769 941 nec,

499 960 673 1050 quod
743 963 969 1027 eodem
1033 961 1238 1044 redit,
1305 961 1843 1025 Pseudosenecac
1898 962 2365 1026 sententiarum
2425 961 2561 1027 ulla
2617 964 2772 1026 inter

498 1063 924 1130 Publilianas.
1014 1062 1146 1130 Sed
1191 1062 1273 1125 de
1319 1060 1647 1150 opusculis
1694 1064 2131 1148 sententiosis,
2179 1085 2345 1150 quae
2388 1065 2772 1128 incertorum

498 1175 648 1231 sunt
699 1175 1072 1247 auctorum,
1127 1165 1235 1228 hic
1289 1187 1420 1229 non
1465 1173 1564 1228 est
1621 1163 1881 1228 dicendi
1926 1163 2138 1229 locus:
2196 1166 2492 1249 interim,
2550 1167 2609 1230 si
2650 1188 2769 1229 mo-

496 1263 699 1334 nuerb
755 1265 925 1332 libro
982 1267 1064 1330 de
1117 1265 1406 1330 moribus
1463 1263 1708 1329 nullam
1764 1288 2027 1352 prorsus
2084 1267 2492 1332 intercedere
2550 1289 2770 1353 cogna-

495 1371 739 1436 tionem
785 1392 932 1434 cum
976 1369 1316 1434 sententiis
1362 1366 1777 1451 Publilianis,
1826 1390 2059 1434 causae
2102 1391 2285 1433 meae
2328 1373 2489 1435 satis
2522 1392 2770 1458 prospe-

496 1474 676 1538 xisse
719 1471 884 1536 mihi
927 1470 1176 1544 videor.

665 1575 735 1662 2)
781 1574 898 1638 De
963 1573 1403 1638 sententiis
1471 1573 1551 1636 in
1616 1572 2035 1638 codicibus
2110 1576 2595 1661 praesertim
2660 1595 2767 1637 10-

498 1675 999 1742 centioribus
1046 1673 1259 1740 falso
1306 1673 1808 1740 Publilianis
1854 1676 2219 1741 insertis.

666 1779 937 1860 Praeter
993 1775 1516 1865 supplementum
1574 1775 1936 1841 litterarum
1981 1777 2222 1858 N—V‚
2282 1777 2365 1842 de
2421 1802 2548 1865 quo
2594 1777 2771 1842 modo

495 1881 700 1946 verba
758 1880 1060 1962 fecimus,
1127 1877 1258 1942 alia
1313 1900 1569 1965 quoque
1624 1901 1665 1941 a
1721 1877 2006 1944 Publilio
2062 1882 2290 1967 utique
2344 1879 2771 1945 abiudicanda

493 1983 960 2064 adhaeserunt,
1010 2003 1157 2044 rara
1199 1978 1313 2043 illa
1355 1982 1424 2042 in
1471 1979 1807 2044 codicibus
1853 1983 2342 2064 vetustissimis,
2390 1981 2769 2068 frequentis-

494 2087 660 2150 sima
701 2085 771 2148 in
815 2082 1005 2149 codd.
1045 2081 1292 2146 saeculi
1323 2081 1515 2146 XIV.
1584 2081 2037 2170 Excipiendus
2082 2083 2361 2149 fortasse
2404 2093 2467 2147 et
2498 2083 2770 2150 Publilio

492 2186 929 2250 vindicandus
975 2209 1038 2248 v.
1085 2185 1209 2249 638
1255 2185 1325 2248 in
1369 2183 1509 2249 solo
1556 2184 1779 2248 codice
1824 2207 1906 2266 π,
1964 2185 2081 2249 0οᾰ
2125 2185 2375 2251 medius
2422 2187 2596 2251 inter
2638 2207 2769 2249 ver-

493 2312 602 2353 sus
634 2287 1040 2353 Publilianos
1088 2296 1424 2351 servatus:
1470 2285 1674 2350 mult'o
1722 2296 1897 2351 certe
1942 2283 2301 2374 suspectior
2332 2297 2431 2352 est
2461 2287 2771 2351 sententia

494 2390 706 2454 codici
753 2390 818 2454 R
862 2391 931 2453 in
975 2410 1224 2453 summa
1268 2389 1509 2474 pagina
1552 2398 1702 2476 post
1748 2411 1811 2452 v.
1857 2389 1981 2454 326
2024 2391 2383 2466 recentiore
2428 2411 2629 2456 manu
2668 2389 2769 2452 ad-

493 2496 767 2582 scripta:
898 2558 902 2563 ,

789 2602 1050 2662 Multum
1093 2606 1174 2660 est
1217 2600 1449 2673 difficile
1491 2602 1703 2659 servire
1744 2603 1866 2675 10ρὶ
1908 2602 2121 2675 absque
2165 2602 2471 2661 commodo,

495 2738 688 2803 quam
732 2715 910 2781 nolui
953 2715 1189 2780 iambis
1236 2713 1544 2779 donatam

789 2842 1052 2900 Multum
1095 2844 1177 2898 est
1219 2839 1454 2912 difficile
1496 2841 1707 2897 ser-vire
1750 2840 1964 2912 absque
2005 2840 2362 2899 incommodo

491 2954 597 3016 vel
641 2955 711 3017 in
754 2953 1095 3019 trochaeos
1141 2932 1475 3016 redactam
1519 2952 1691 3014 inter
1714 2950 2137 3032 ,Publilianas
2182 2931 2493 3038 recipere.

660 3073 803 3136 Iam
858 3094 1016 3135 vero
1073 3093 1238 3157 quae
1293 3071 1363 3133 in
1415 3070 1686 3156 reliquis
1742 3070 2077 3135 codicibus
2132 3081 2579 3154 accesserunt,
2650 3094 2770 3135 non

490 3174 696 3238 solum
762 3174 1198 3260 suspicionem
1257 3181 1552 3254 movent,
1621 3172 1739 3235 sed
1794 3171 2192 3236 confidenter
2256 3173 2551 3237 eicienda
2606 3183 2769 3253 sunt,

488 3285 832 3363 propterea
897 3274 1070 3363 quod
1135 3273 1656 3362 interpolationis
1712 3275 2030 3359 originem
2083 3276 2336 3361 aperire
2393 3274 2769 3339 facillimum

491 3390 610 3443 est.
702 3380 930 3464 Itaque
975 3398 1530 3465 supervacaneum
1576 3375 1792 3440 videri
1836 3386 2055 3463 posset
2089 3398 2199 3441 eas
2230 3379 2587 3441 sententias
2622 3400 2765 3440 enu-

487 3502 758 3564 merare,
805 3481 935 3544 nisi
977 3478 1251 3543 multum
1295 3480 1640 3543 interesset
1684 3478 2147 3561 demonstrare,
2195 3502 2389 3566 quam
2418 3478 2547 3544 late
2576 3481 2767 3545 inter-

487 3581 836 3670 polationis
892 3584 1096 3669 pestis
1160 3590 1457 3666 grassata
1513 3583 1631 3664 sit,
1701 3603 1783 3644 ne
1838 3582 2105 3665 gravius
2166 3582 2248 3643 de
2302 3579 2766 3667 multiplicibus

489 3686 810 3751 editorum
878 3684 1204 3748 erroribus
1271 3682 1587 3749 iudicium
1652 3683 1956 3747 feramus.
2056 3684 2157 3747 Ac
2217 3686 2633 3770 persequenti
2690 3680 2765 3745 ad

485 3799 850 3875 temporum
894 3786 1189 3852 ordinem
1234 3783 1753 3871 interpolationis
1799 3786 1987 3848 initia
2021 3807 2534 3872 progressusque
2565 3788 2766 3872 primo

487 3890 627 3954 loeo
673 3887 1270 3955 commemorandus
1318 3898 1416 3952 est
1462 3886 1674 3951 codex
1702 3885 2106 3969 BasiliensiS‚
2154 3888 2221 3950 in
2254 3910 2379 3973 quo
2408 3898 2561 3952 ante
2592 3911 2657 3951 v.
2690 3887 2765 3951 :25

487 3994 556 4055 in
599 3992 822 4056 infimo
865 3992 1158 4076 margine
1201 3990 1429 4055 addita
1472 3999 1625 4053 sunt
1667 4011 1790 4055 rec.
1834 4012 2062 4056 manu:

573 4116 798 4177 Arcum
838 4119 1084 4175 intensio
1126 4117 1380 4191 frany‘it,
1427 4118 1696 4175 animum
1736 4118 2012 4175 remiss-io,

573 4219 809 4279 Amicos
849 4219 1134 4278 secundae
1174 4237 1266 4276 res
1309 4221 1517 4289 optime
1549 4224 1793 4290 param,
1839 4220 2113 4276 adversae
2155 4221 2461 4277 certissime
2492 4220 2759 4293 probam.

489 4334 872 4420 deprompta
915 4331 1030 4397 illa
1075 4354 1158 4395 ex
1186 4330 1718 4396 Pseudosenecae
1748 4330 1916 4396 libro
1948 4330 2030 4394 de
2060 4332 2370 4416 moribus,
2418 4338 2458 4415 ἓ
2493 4334 2634 4398 138.
2664 4334 2759 4397 51.

2891 1884 2893 1892 ⁴
2880 803 2896 1815 Q„Q
2877 255 2897 785 *O
