2917 4950
426 261 547 326 128
1226 276 1664 326 SENTENTIAE
1711 275 1932 324 FALso

592 429 703 494 Nil
746 426 1012 517 prodest
1057 429 1391 513 didicisse,
1438 432 1496 494 si
1541 451 1754 494 cessas
1798 429 1965 494 bene
2009 427 2244 494 facere.

428 537 555 598 230
597 531 709 597 Nil
752 532 1027 597 rationis
1075 541 1195 614 est,
1240 531 1357 596 ubi
1400 553 1504 596 res
1551 530 1749 597 semel
1792 534 1861 595 in
1903 531 2206 597 affectum
2249 534 2450 596 venit.

595 633 707 699 Nil
752 636 1007 722 turpius
1055 656 1249 720 quam
1292 636 1521 698 vivere
1563 633 1884 722 incipiens
1930 655 2155 700 senex.

594 735 886 800 Nimium
932 734 1260 800 tendendo
1304 737 1520 824 rumpi
1565 734 1894 800 funiculus
1937 735 2122 799 solet.

594 837 855 904 Nobilis
900 837 1222 924 professio
1267 837 1590 925 sapientia
1635 847 1772 902 est:
1833 859 1998 924 quae
2043 837 2398 904 distributa
2443 839 2728 926 suscipit

1001 940 1493 1021 incrementum,
1541 961 1814 1003 avarum
1859 939 2214 1025 dedignata
2257 961 2724 1026 possessorem.

600 1041 857 1108 Nocens
902 1043 1049 1128 quis
1095 1040 1272 1106 illico
1317 1042 1413 1126 fit,
1461 1041 1830 1106 succumbit
1873 1051 1946 1106 ut
1988 1040 2174 1106 fides.

431 1149 552 1210 235
596 1145 745 1211 Non
788 1143 917 1208 alia
958 1144 1159 1208 facies
1206 1154 1304 1208 est
1349 1143 1555 1230 quieti
1584 1142 2033 1230 moderatique
2063 1143 2350 1230 imperii,
2395 1165 2588 1230 quam
2618 1165 2724 1209 se-

1010 1245 1151 1310 reni
1196 1244 1360 1309 caeli
1407 1255 1474 1310 et
1515 1246 1808 1310 nitentis.

601 1348 751 1413 Non
792 1349 1048 1412 animus
1093 1345 1395 1430 hominis,
1441 1348 1561 1412 sed
1604 1347 1780 1412 facta
1823 1355 2194 1412 cernuntur.

594 1449 902 1515 Nondum
946 1448 1112 1513 felix
1156 1469 1249 1531 es,
1294 1451 1353 1512 si
1394 1449 1686 1514 nondum
1729 1449 1922 1514 turba
1963 1457 2029 1514 te
2075 1446 2398 1514 deriserit.

599 1551 748 1615 Non
793 1571 986 1636 egere
1030 1549 1349 1616 felicitate
1390 1549 1675 1616 felicitas
1723 1558 1840 1615 est.

603 1653 753 1718 Non
798 1662 897 1719 est
940 1651 1193 1736 beatus,
1241 1653 1383 1741 ipse
1430 1654 1541 1739 qui
1583 1674 1655 1717 se
1698 1655 1970 1718 nesciat.

438 1760 561 1820 240
604 1755 753 1820 Non
798 1763 896 1820 est
938 1754 1200 1820 bonitas
1247 1777 1391 1820 esse
1434 1754 1768 1819 meliorem
1812 1756 2115 1842 pessimO.

597 1857 748 1922 Non
809 1866 908 1922 est
961 1855 1243 1922 hominis
1300 1858 1507 1922 maior
1561 1855 1838 1922 stultitia
1894 1878 2085 1943 quam
2132 1865 2362 1942 putare
2406 1879 2475 1920 se
2517 1859 2732 1921 amari

1014 1959 1099 2022 ab
1144 1958 1269 2039 his,
1318 1981 1481 2045 quos
1527 1960 1669 2046 ipse
1711 1981 1842 2022 non
1887 1957 2142 2043 diligat.

600 2060 747 2124 Non
793 2068 891 2131 est
935 2057 1266 2146 pusillum,
1314 2061 1373 2125 si
1416 2059 1575 2146 quid
1620 2061 1906 2125 maximo
1951 2069 2051 2124 est
2092 2061 2330 2126 minus.

598 2161 749 2226 Non
792 2171 891 2227 est
934 2171 1139 2245 tuum,
1186 2161 1451 2227 fortuna
1497 2161 1670 2249 quod
1713 2163 1873 2228 fecit
1917 2171 2119 2228 tuum.

596 2263 745 2328 Non
786 2264 916 2329 fert
958 2261 1161 2328 ullum
1205 2265 1409 2328 ictum
1452 2263 1684 2328 illaesa
1726 2263 2034 2328 felicitas.
2156 2341 2164 2356 .

430 2371 551 2430 245
596 2365 745 2430 Non
787 2367 1003 2431 minus
1046 2365 1235 2449 latro,
1284 2367 1466 2430 cui-us
1513 2366 1716 2431 telum
1761 2367 2059 2455 opposita
2100 2375 2288 2430 veste
2317 2363 2568 2430 elusum
2601 2376 2726 2432 est.

525 2530 531 2533 ,
599 2467 748 2534 Non
805 2466 1080 2533 multum
1141 2490 1338 2556 supra
1391 2491 1539 2535 eum
1584 2470 1825 2534 eminet
1870 2469 2046 2556 quis,
2107 2469 2212 2533 cui
2255 2488 2326 2533 se
2383 2467 2728 2533 irascendo

1653 2580 1992 2659 exaequat.

600 2673 750 2738 Non
796 2674 973 2737 omni
1018 2674 1297 2738 eundem
1342 2673 1628 2739 calceum
1671 2674 1942 2739 induces
1986 2673 2161 2762 pedi.

602 2774 751 2840 Non
795 2798 989 2861 quam
1035 2775 1171 2859 diu,
1219 2776 1338 2855 sed
1383 2798 1578 2863 quam
1621 2777 1810 2845 bene.
1835 2776 2047 2859 vivas,
2095 2775 2330 2863 cogita.

605 2877 754 2942 Non
800 2880 912 2965 qui
956 2880 1170 2943 iussus
1216 2877 1505 2965 aliquod,
1553 2879 1670 2945 sed
1714 2880 1824 2967 qui
1868 2880 2117 2943 invitus
2149 2876 2330 2960 facit,
2375 2877 2573 2941 miser
2603 2886 2726 2941 est.

441 2985 566 3044 250
608 2978 760 3044 Non
802 2978 1277 3046 vindicandum
1321 2979 1584 3063 scelere,
1630 2982 1688 3045 si
1731 2981 1965 3067 possiS,
2011 2978 2245 3045 scelus.

609 3080 811 3145 Nulla
852 3103 957 3147 res
1000 3084 1210 3168 magis
1254 3082 1375 3148 alit
1415 3080 1842 3166 iracundiam,
1891 3105 2082 3171 quam
2125 3082 2407 3178 luxuria.

602 3378 722 3437 229
768 3379 875 3435 Ρη.
910 3377 987 3434 Cf.
1021 3394 1189 3452 supra
1218 3396 1312 3453 pg.
1350 3378 1451 3451 91,
1485 3378 1520 3435 9
1640 3377 1764 3436 230
1796 3378 1894 3434 Gr.
1929 3394 2010 3433 ex.
2043 3376 2164 3434 cod.
2193 3376 2360 3432 Palat.
2392 3375 2514 3433 Seu.
2547 3376 2614 3432 de
2645 3378 2729 3433 ira

434 3465 491 3536 1,
526 3464 586 3536 8,
623 3464 654 3519 1
801 3463 920 3521 231
968 3463 1068 3520 Ps.·
1098 3462 1221 3519 Seu.
1256 3465 1414 3538 epist.
1447 3463 1549 3535 13,
1585 3463 1660 3519 17
1798 3461 1918 3519 232
1965 3463 2072 3519 Bo.
2105 3461 2178 3517 Ex
2209 3460 2494 3537 proverbio
2527 3478 2727 3535 graeco

430 3547 633 3604 Erasmi
666 3548 836 3623 Adag.
873 3548 929 3619 1,
962 3548 1022 3619 5,
1053 3546 1135 3605 47
1310 3547 1431 3605 233
1483 3548 1582 3605 Go.
1746 3546 1868 3605 234
1916 3548 1999 3605 Gr
2030 3547 2083 3603 2.
2118 3546 2272 3604 Caec.
2304 3547 2448 3603 Balb.
2481 3546 2625 3602 Mon.
2660 3547 2726 3617 4,

431 3632 489 3707 3,
520 3652 615 3708 pg.
652 3632 729 3689 21
930 3632 1051 3689 235
1101 3633 1202 3690 Go.
1235 3632 1359 3689 Seu.
1392 3634 1459 3689 de
1491 3633 1646 3690 clem.
1683 3633 1740 3705 1,
1775 3633 1834 3705 7,
1867 3631 1903 3687 2
2103 3632 2224 3691 236
2269 3633 2379 3688 Pn.
2409 3631 2482 3687 De
2513 3648 2650 3691 mor.
2692 3632 2727 3689 3

585 3718 707 3776 237
752 3718 863 3775 Ρη.
896 3716 970 3773 De
999 3734 1133 3773 mor.
1170 3716 1248 3775 23
1395 3717 1518 3775 238
1565 3718 1638 3774 R.
1674 3716 1794 3775 Sen,
1830 3716 1897 3773 de
1928 3717 2138 3792 provid.
2176 3717 2236 3790 6,
2267 3716 2304 3775 5
2453 3716 2573 3774 239
2621 3715 2721 3774 Ps.

426 3802 595 3861 Poeta
624 3820 763 3861 com.
798 3820 881 3877 ap.
914 3802 1039 3859 Sen.
1072 3804 1229 3876 epist.
1265 3802 1323 3876 9,
1358 3802 1432 3858 21
1469 3819 1596 3860 esse
1627 3819 1689 3861 se
1719 3806 1820 3876 qui
1845 3820 1958 3860 non
1979 3808 2157 3875 putat
2301 3800 2427 3861 240
2469 3802 2566 3858 Ps.
2598 3800 2726 3858 Sen.

432 3889 590 3961 epist.
628 3888 728 3960 79,
765 3888 839 3943 11
1018 3886 1136 3944 241
1178 3888 1252 3956 Ὠ.
1449 3887 1571 3943 242
1617 3890 1714 3945 Ρε.
1746 3886 1872 3943 Sen.
1905 3889 2064 3962 epist.
2100 3887 2242 3959 100,
2276 3886 2312 3944 9
2487 3884 2608 3943 243
2656 3888 2724 3943 F.

428 3970 667 4026 Lucilius
710 3988 793 4045 ap.
834 3971 964 4029 Sen.
1009 3974 1169 4048 epist.
1200 3972 1271 4044 8,
1308 3973 1386 4030 10
1572 3971 1694 4028 244
1739 3974 1813 4029 R.
1847 3974 1938 4046 qui
1981 3990 2084 4029 scr.
2116 3974 2325 4029 hilaris
2358 3972 2463 4045 fel.
2495 3970 2625 4027 Sen.
2659 3972 2726 4028 de

430 4056 641 4129 provid.
676 4055 745 4127 22,
780 4055 815 4112 6
1018 4056 1139 4113 245
1184 4058 1259 4113 R.
1296 4058 1387 4131 qui
1430 4075 1536 4115 scr.
1587 4062 1754 4115 cuius
1794 4060 1986 4115 scelus
2029 4076 2075 4114 v.
2121 4059 2432 4114 clauditur.
2492 4056 2619 4114 Sen.
2660 4057 2724 4111 de

433 4149 607 4196 const.
641 4158 751 4215 sap.
787 4140 847 4211 7,
879 4138 919 4195 4
1050 4140 1171 4198 246
1221 4142 1320 4199 Go.
1355 4142 1480 4198 Sen.
1514 4142 1582 4199 de
1612 4143 1766 4199 clem.
1807 4143 1863 4214 1,
1897 4142 1956 4214 5,
1992 4143 2027 4200 6
2159 4140 2278 4197 247
2324 4141 2432 4199 Bo.
2463 4139 2719 4198 Proverb.

432 4242 682 4300 graecum
715 4243 798 4300 ap.
830 4222 1034 4281 Erasm.
1065 4225 1233 4299 Adag.
1265 4224 1327 4298 4,
1361 4225 1421 4298 4,
1453 4226 1533 4284 56
1719 4220 1840 4285 248
1886 4228 1953 4283 F.
1988 4226 2111 4283 Seu.
2143 4227 2302 4302 epist.
2337 4226 2437 4298 22,
2474 4226 2550 4283 17

432 4308 552 4367 249
601 4311 667 4379 Q.
842 4306 970 4369 2³50
1011 4311 1077 4367 F.
1112 4308 1183 4365 De
1212 4326 1349 4367 mor.
1384 4311 1536 4369 139·
1679 4312 1798 4369 251
1849 4313 1920 4369 R.
1953 4310 2076 4369 Sen.
2109 4311 2177 4369 de
2205 4314 2284 4369 ira
2314 4310 2375 4384 2,
2407 4310 2509 4383 25,
2537 4310 2579 4367 4
