2917 4950
978 347 1525 396 PRoLEeoMENA.
1734 307 1753 330 ‘
2306 329 2388 394 27

118 505 221 570 sed
263 503 618 570 Publilium
666 504 928 591 Syrum,
974 503 1126 567 licet
1170 504 1230 567 ei
1273 503 1657 568 recentioris
1694 502 1934 575 ,aetatis
1980 499 2237 567 codices
2269 500 2391 564 Pa-

115 608 339 672 risinos
393 616 654 694 praesto
697 607 916 688 ‚fuisse
958 606 1240 670 libenter
1282 605 1553 691 largiar,
1610 602 2219 692 interpolationibus
2264 625 2394 668 non

115 710 316 774 minus
360 709 755 775 deformavit
796 731 986 797 quam
1029 707 1388 794 ingeniosis
1421 706 1987 771 emendationibus
2018 705 2393 793 perpolivit.

115 812 251 877 Non
295 814 389 884 ita
429 811 667 878 multas
713 811 976 899 quidem
1023 811 1377 877 sententias
1425 832 1511 874 ex
1557 809 1925 896 proverbiis
1974 809 2080 872 vel
2122 807 2391 893 Anony-

116 937 210 979 mo
252 913 336 978 de
379 913 669 980 moribus
713 914 982 1001 recepit,
1031 897 1150 978 sed
1194 921 1374 978 tanto
1417 910 1639 1000 plures
1672 933 1757 976 ex
1788 909 2056 990 Seneca,
2103 908 2390 974 Pseudo-

116 1017 373 1082 caecilio
417 1003 625 1081 Balbo
681 1015 960 1103 aliisque
975 1063 994 1098 ,
1054 1037 1215 1102 quas
1259 1016 1330 1079 in
1372 1013 1710 1081 codicibus
1755 1011 2164 1099 interpolatis
2210 1012 2391 1076 in've-

113 1130 310 1185 nerat.
398 1119 524 1183 Rei
576 1118 888 1182 metricae
941 1118 1036 1181 ita
1081 1139 1152 1182 se
1199 1116 1504 1205 praebuit
1548 1116 1863 1204 peritum,
1919 1123 1992 1179 ut
2037 1114 2393 1178 sententias

114 1245 230 1286 non
271 1220 580 1310 probaret
621 1219 752 1284 nisi
796 1241 961 1307 quae
1003 1241 1076 1282 re
1120 1240 1278 1283 vera
1321 1228 1529 1284 metro
1572 1215 1927 1283 adstrictae
1973 1225 2223 1297 essent,
2282 1238 2392 1302 pe-

116 1323 356 1388 destres
415 1331 632 1388 autem
689 1319 1077 1407 corrigendo
1131 1321 1437 1387 redderet
1492 1319 1691 1403 tales,
1757 1329 1831 1384 ut
1874 1320 1996 1384 vix
2050 1319 2395 1406 quisquam

116 1448 216 1490 eas
257 1447 298 1489 a
340 1424 644 1489 versibus
690 1422 1122 1510 distinguere
1142 1433 1381 1511 posset.

275 1525 407 1592 Sed
450 1534 526 1591 ut
581 1525 664 1589 de
707 1525 1012 1590 versibus
1057 1525 1501 1612 interpolatis,
1560 1546 1719 1611 quos
1764 1525 1834 1588 in
1878 1523 2239 1612 appendice
2282 1547 2395 1588 ex-

115 1624 480 1716 primendos
537 1628 794 1709 curavi,
860 1627 984 1693 h'oc
1037 1626 1180 1693 loco
1236 1627 1401 1692 nihil
1456 1625 1703 1709 dicam,
1762 1628 1830 1691 in
1886 1627 2087 1691 alium
2144 1648 2401 1714 quoque

117 1753 386 1796 errorem
433 1730 746 1796 Pithoeus
803 1751 1192 1816 quamquam
1246 1729 1497 1794 invitus
1552 1729 1839 1795 editores
1885 1731 2277 1816 posteriores
2324 1749 2399 1792 eo

115 1834 387 1917 induxit,
436 1831 610 1919 quod
653 1832 894 1897 librum
939 1854 1127 1896 suum
1170 1854 1299 1897 non
1343 1831 1873 1918 addito-nomine
1916 1853 2033 1896 suo
2077 1832 2147 1895 in
2186 1829 2398 1895 lucem

118 1937 431 2000 emiserat.
468 1923 644 1999 'Cum
665 1936 838 1998 enim
862 1935 1082 2022 paucis
1105 1934 1294 1998 annis
1317 1942 1466 2021 post
1485 1934 1551 2000 J.
1579 1933 1931 2019 Scaliger
1960 1933 2233 1999 Publilii
2254 1954 2398 1997 sen-

117 2038 344 2102 tentias
375 2035 650 2102 selectas
680 2034 997 2102 edidisset
1025 2035 1428 2123 totidemque
1457 2036 1760 2101 versibus
1790 2035 2043 2121 graecis
2074 2033 2399 2100 reddidis-

120 2149 208 2204 set
240 2139 479 2225 (Lugd.
514 2139 660 2203 Bat.
699 2139 880 2221 1598,
915 2149 981 2204 et
1025 2139 1259 2203 iterum
1296 2140 1367 2203 in
1400 2160 1624 2226 opusc.
1656 2137 1938 2202 diversis
1971 2138 2178 2201 Paris.
2215 2136 2399 2202 1605.

79 2241 214 2304 ·Cf.
259 2242 588 2328 BernayS,
646 2240 788 2306 JOS.
835 2241 1067 2306 Justus
1113 2239 1436 2325 Scaliger,
1494 2263 1603 2329 pg.
1648 2241 1807 2322 286,
1852 2240 2042 2325 290),
2100 2262 2258 2304 usus
2313 2238 2401 2304 ad

120 2343 234 2407 hoc
277 2344 564 2409 editione
607 2343 982 2424 Pithoeana,
1029 2342 1198 2408 sicut
1243 2344 1385 2430 ipse
1430 2342 1595 2408 dicit
1636 2343 1707 2407 in
1751 2342 1944 2428 epist.
1990 2342 2121 2407 360
2164 2340 2398 2426 (Scali-

122 2447 254 2531 geri
289 2443 659 2534 epistulae,
720 2444 1025 2511 Francof.
1078 2445 1303 2533 1627),
1362 2444 1655 2534 proclive
1710 2455 1851 2511 erat
1900 2443 2231 2529 Scaligero
2286 2445 2400 2510 tri·
2501 2528 2504 2530 ,

123 2549 333 2633 buere,
367 2570 534 2635 quae
561 2548 874 2613 Pithoeus
906 2548 1017 2625 vel
1041 2557 1408 2613 mutaverat
1438 2548 1547 2612 vel
1574 2549 1942 2613 addiderat.
2016 2548 2126 2613 Sic
2156 2547 2403 2611 factum
2457 2584 2465 2592 ·

125 2660 235 2732 est,
278 2659 349 2715 ut
392 2673 432 2714 a
464 2648 794 2732 Gruteror
816 2649 1137 2733 Bentleio,
1182 2649 1576 2731 RibbeckiO,
1622 2650 1769 2714 aliis
1814 2648 2057 2714 multae
2103 2646 2403 2713 emenda-

123 2753 344 2836 tioneS,
389 2774 665 2839 quarum
703 2761 930 2817 auctor
961 2752 1270 2818 Pithoeus
1302 2752 1448 2835 fuit,
1496 2752 1828 2837 Scaligero
1856 2752 2407 2816 adscriberentur:

283 2855 454 2919 Eum
519 2876 802 2919 errorem
852 2856 1138 2941 praeivit
1193 2854 1613 2943 professor
1668 2854 1935 2941 quidam
1990 2853 2401 2939 Ingolsta-

126 2955 454 3023 diensis.
543 2954 711 3020 Cum
757 2955 929 3020 enim
971 2957 1231 3022 Marcus
1262 2955 1597 3039 VelseruS,
1642 2955 2041 3044 reipublicae
2069 2957 2401 3041 Augusta-

126 3080 240 3122 nae
292 3057 632 3141 duumvir,
690 3079 860 3122 anno
905 3058 1042 3122 fere
1092 3060 1254 3123 1599
1298 3058 1591 3124 codicem
1636 3058 2127 3144 Frisingensem
2171 3058 2405 3123 ceteris

127 3160 414 3225 omnibus
443 3158 936 3246 locupletiorem
965 3161 1336 3248 reperisset,
1381 3161 1628 3226 homini
1659 3158 1920 3225 cuidam
1955 3160 2165 3242 docto,
2213 3180 2404 3248 quem

127 3262 704 3347 Ingolstadiensem
763 3272 828 3327 et
885 3264 1323 3328 ex‘societate
1377 3264 1421 3329 J
1427 3286 1541 3327 esu
1594 3262 1798 3328 fuisse
1855 3261 2407 3327 verisimillimum

129 3374 251 3447 est,
307 3354 456 3429 eum
508 3361 820 3446 tradidit,
877 3373 950 3429 ut
1007 3366 1361 3429 sententias
1412 3374 1741 3443 ‘correctas
1788 3373 1853 3430 et
1895 3363 2171 3429 dimidia
2222 3372 2407 3452 parte
2444 3436 2451 3439 ,

128 3466 462 3554 ampliores
528 3467 767 3531 iterum
833 3464 1076 3532 ederet.
1162 3464 1288 3532 Illo
1347 3468 1493 3555 ipso
1560 3476 1852 3552 tempore
1904 3466 2148 3531 Mureti
2210 3487 2408 3553 opera

127 3568 490 3655 typothetas
548 3568 1107 3654 Ingolstadienses
1179 3578 1613 3634 exercuerunt
1665 3591 1783 3656 per
1838 3578 2147 3656 quattuor
2199 3566 2407 3633 lustra

129 3671 464 3758 quinquies
506 3670 687 3757 typis
733 3691 1069 3757 expressa,
1114 3693 1237 3735 nec
1278 3670 1637 3759 absurdum
1677 3670 2031 3736 videbatur
2069 3670 2278 3761 amico
2308 3667 2407 3735 illi

128 3770 376 3837 Velseri
431 3770 760 3859 opusculis
816 3772 1060 3837 Mureti
1115 3771 1386 3837 Publilii
1451 3774 1809 3839 sententias
1868 3772 2146 3854 addere,
2207 3780 2281 3838 ut
2324 3810 2407 3819 —-

129 3873 328 3959 ipsius
382 3873 590 3939 verba
644 3873 1048 3957 adscribam,
1106 3895 1273 3961 quae
1327 3874 1531 3941 animi
1586 3872 1899 3949 laetitiam
1946 3896 2030 3937 ex
2074 3873 2407 3961 praeclaro

132 3975 390 4042 invento
447 3984 821 4063 perceptam
867 3978 1024 4041 satis
1072 3974 1358 4063 produnt
1405 4014 1481 4023 --
1530 3977 1985 4059 eleyantissimo
2027 3978 2227 4042 nostri
2270 3977 2411 4042 aevi

133 4078 370 4160 inqendo
426 4078 958 4161 eleyantissimum
999 4078 1162 4144 illud
1192 4079 1396 4161 prisci
1439 4079 1579 4143 aevi
1622 4079 1949 4161 inqem‘um
1991 4079 2223 4143 habeas
2266 4099 2407 4144 con-

135 4178 421 4244 iunctum.
510 4178 768 4244 Prodiit
811 4180 1014 4271 igitur
1041 4201 1217 4245 nova
1245 4181 1716 4245 sententiarum
1744 4180 2035 4246 recensio
2065 4178 2411 4245 subiuncta

136 4276 364 4345 Mureti
417 4302 688 4367 operum
731 4280 1048 4345 volumini
1101 4280 1387 4346 secundo
1442 4304 1520 4346 ac
1574 4280 1794 4348 dicata
1844 4280 2149 4362 VelserO,
2204 4302 2407 4344 anno

143 4379 326 4446 1600
367 4381 524 4467 (non
567 4404 738 4447 anno
787 4383 981 4468 1603,
1028 4393 1102 4448 ut
1146 4382 1344 4471 vulgo
1387 4384 1698 4470 traditur)
1745 4381 2236 4467 Ingolstadii
2281 4391 2405 4467 ty-
