2917 4950
21 4414 46 4911 ’'wa-
44 4327 47 4336 -

1054 339 1149 389 DE
1192 341 1521 390 moninus.
2315 323 2430 387 141

178 503 289 564 55.
335 495 771 582 Eleemosyna
793 517 923 560 non
945 504 1078 560 tam
1102 495 1575 582 accipientibus
1593 495 1859 581 prodest
1877 516 2072 581 quam
2096 493 2434 578 dantibus;

179 605 291 663 56.
340 599 461 684 (ct)
510 619 658 685 spes
703 597 979 684 praemii
1024 596 1337 662 solacium
1383 598 1456 662 fit
1503 596 1764 662 laboris.

178 709 288 766 57.
336 700 522 781 Quae
570 709 669 766 est
712 701 1001 764 maxima
1046 701 1348 785 egestas?
1394 701 1694 765 avaritia.

174 811 285 868 58.
331 803 655 867 Pecuniae
702 803 1024 888 imperare
1069 812 1346 888 oportet,
1393 824 1525 866 non
1569 803 1838 866 servire.

173 913 281 970 59.
325 903 593 969 Nullum
659 905 869 989 magis
936 906 1267 969 conscium
1334 912 1751 992 peccatorum
1814 912 2073 968 tuorum
2132 904 2430 968 timueris

331 1029 524 1094 quam
568 1015 769 1073 temet
813 1008 1061 1092 ipsum3
1121 1005 1283 1072 alios
1331 1009 1503 1071 enim
1547 1015 1733 1092 potes
1781 1007 2096 1092 effugere,
2141 1015 2210 1073 te
2252 1028 2434 1070 num-

332 1131 547 1196 quam.

174 1219 280 1278 60.
326 1211 494 1293 Quis
542 1222 643 1276 est
687 1209 984 1298 pauper?
1033 1209 1169 1290 Qui
1216 1212 1345 1276 sibi
1392 1211 1640 1297 (dives)
1686 1209 1968 1276 videtur.

174 1322 281 1379 61.
328 1311 462 1393 Qui
508 1335 549 1377 a
590 1311 815 1377 multis
862 1313 1147 1397 timetur,
1194 1312 1431 1378 multos
1477 1315 1684 1378 timet.

175 1423 282 1481 62.
329 1414 794 1480 Infelicitatem
842 1417 1042 1501 erige,
1088 1414 1472 1480 felicitatem
1517 1415 1849 1481 submitte.

110 1549 119 1557 ·
178 1527 284 1584 63.
330 1516 643 1582 Felicitas
689 1515 943 1581 infelici
988 1519 1362 1584 innocentia
1407 1528 1527 1585 est.

178 1628 283 1686 64.
326 1620 638 1707 Nequitia
682 1621 827 1707 ipsa
872 1629 972 1684 est
1016 1641 1226 1707 poena
1270 1622 1391 1686 sui.

180 1729 287 1788 65.
331 1721 512 1790 Mala
555 1723 955 1787 conscientia
1000 1744 1195 1810 saepe
1238 1726 1382 1788 tuta
1428 1732 1548 1805 est,
1595 1744 1824 1787 secura
1866 1745 2242 1810 numquam.

178 1833 284 1890 66.
330 1823 665 1889 Libidinis
710 1825 901 1889 initia
944 1825 1335 1909 continebiS‚
1384 1826 1440 1890 si
1487 1827 1735 1890 exitum
1783 1817 2192 1910 cogitaveris

178 1935 285 1993 67.
332 1926 648 1992 Beneficii
705 1929 958 2013 accepti
1002 1949 1353 2014 numquam
1404 1936 1663 2015 oportet
1706 1926 2047 2012 oblivisci,
2107 1927 2244 1992 dati
2288 1950 2434 2014 pro-

332 2030 529 2094 tinus.

136 2260 255 2315 vult
286 2254 454 2332 (haec
485 2259 595 2316 duo
628 2259 803 2316 verba
837 2265 1121 2331 corrupta
1152 2274 1230 2316 ex
1255 2257 1289 2329 3
1318 2258 1419 2331 53)
1447 2258 1738 2314 ostendere
1765 2259 1866 2331 Gb,
1895 2259 1980 2316 Ga
2003 2275 2118 2316 sec.
2144 2278 2236 2323 m.‚·
2266 2275 2434 2334 agno-

135 2347 211 2400 sci
256 2353 396 2400 amat
428 2346 520 2418 qui
552 2344 667 2400 odit
710 2344 948 2400 ostendit
988 2344 1280 2400 honestum
1313 2351 1397 2400 est
1428 2346 1589 2401 codd.
1617 2343 1750 2417 fere
1781 2361 1937 2402 recc.
2113 2344 2192 2402 56
2239 2345 2433 2421 Parti-

135 2434 273 2487 cula
306 2437 363 2487 et
394 2429 697 2501 redundat,
732 2448 848 2504 qua
880 2432 950 2487 de
980 2445 1047 2485 re
1077 2428 1159 2503 cf.
1195 2430 1274 2486 ad
1301 2427 1336 2500 3
1372 2430 1469 2489 10.
1559 2430 1795 2488 Publilii
1831 2431 2082 2488 editores
2110 2432 2263 2487 bunc
2295 2431 2434 2504 effe-

137 2523 349 2573 cerunt
380 2521 707 2573 senarium.-
751 2514 825 2569 Ex
857 2516 1076 2589 praemii
1108 2514 1269 2589 spel.
1304 2513 1365 2571 fit
1396 2535 1439 2571 s.
1607 2515 1684 2572 57
1737 2515 1824 2590 Cf.
1858 2517 2024 2574 Publ.
2061 2518 2194 2590 Syr.
2228 2536 2277 2573 v.
2313 2516 2434 2574 236

310 2602 389 2658 58
442 2601 531 2675 Cf.
573 2603 740 2658 Publ.
785 2600 917 2673 Syr.
964 2618 1013 2656 ν.
1060 2600 1137 2657 73
1312 2600 1391 2657 59
1437 2602 1594 2657 Plut.
1637 2602 1912 2673 apophth.
1959 2602 2190 2658 Catonis
2229 2605 2360 2657 mai.
2397 2602 2432 2657 9

134 2676 389 2759 μαλιστα
443 2677 674 2759 ἐνόμιζε
728 2680 854 2739 δεῖν
900 2678 1150 2740 ἕκαστον
1194 2662 1379 2740 αὖτον
1420 2680 1751 2741 αἰδεῖσθαι·
1800 2680 2027 2759 μηδένα
2065 2672 2180 2760 γὰρ
2223 2679 2435 2741 ἑαυτοῦ

132 2767 429 2843 μηδέποτε
474 2788 652 2846 χωρις
696 2761 883 2840 εἶναι,
928 2778 983 2827 et
1024 2771 1191 2843 infra
1236 2770 1271 2841 3
1309 2771 1445 2828 108.
1479 2774 1692 2828 Auson.
1742 2770 1861 2827 VII
1887 2774 2028 2844 Sap.
2066 2772 2226 2871 7,1,
2264 2772 2432 2832 Caec.

134 2858 314 2915 Balb.
347 2858 542 2914 Paris.
579 2856 679 2928 65,
715 2874 816 2931 pq.
848 2854 952 2927 42,
984 2856 1171 2913 Isocr.
1218 2858 1298 2912 ad
1322 2857 1562 2914 Demon.
1597 2857 1666 2915 9.·
1725 2852 2036 2951 ςῘΙῙηδ.ε’π·οτε
2081 2850 2266 2929 μηδεν
2307 2852 2433 2911 αι’σ·

131 2930 283 3017 χρὸν
325 2931 578 3014 ποιήσας
622 2934 815 3007 ἔλπιζε
861 2933 1077 3013 λήσειν.
1153 2933 1253 2996 καὶ
1298 2928 1411 3017 γὰρ
1441 2929 1518 2996 ὂῖν
1550 2928 1686 3008 τοὺς
1715 2929 1930 3009 ἄλλους
1961 2934 2189 3020 λάθῃς,
2231 2938 2436 3019 σαυτῷ

130 3045 196 3103 γε
230 3022 620 3100 συνειδήσεις.
787 3027 995 3100 poteris
1025 3028 1080 3084 P
1250 3027 1330 3085 60
1374 3026 1524 3083 dives
1559 3028 1660 3099 Gb,
1694 3026 1893 3102 aliquid
1929 3029 2014 3084 Ga
2045 3046 2117 3083 m.
2151 3043 2290 3099 sec.,
2323 3044 2431 3084 om.

131 3116 267 3171 rell.
360 3113 449 3187 Cf.
483 3116 553 3171 de
584 3113 795 3170 remed.
826 3109 1229 3183 fort.10,1
1235 3129 1441 3185 pauper
1472 3129 1562 3185 es,
1607 3114 1730 3186 quia
1761 3112 2004 3182 videris'3
2050 3115 2181 3169 ibid
2221 3070 2318 3184 16,
2355 3112 2434 3171 10

131 3200 291 3255 felix
322 3208 406 3255 est
436 3217 549 3255 non
581 3200 673 3272 qui
705 3197 821 3253 aliis
855 3197 1089 3268 videtur,
1122 3196 1219 3252 sed
1250 3199 1343 3271 qui
1373 3198 1517 3253 sibi'.
1723 3198 1796 3255 61
1849 3198 1983 3255 Sen.
2019 3203 2184 3271 epist.
2219 3155 2362 3269 10'5‚
2393 3196 2433 3253 4

130 3284 255 3357 qui
286 3286 511 3340 timetur
542 3281 719 3339 timet'
753 3290 807 3338 et
836 3282 1003 3339 Publ.
1019 3282 1175 3376 Syr.
1210 3282 1331 3340 338
1519 3283 1597 3341 62
1649 3283 1952 3341 Cleobulus
1982 3301 2080 3375 ap.
2115 3284 2268 3339 Stob.
2298 3286 2431 3356 flor.

130 3371 193 3441 3,
224 3370 327 3441 79,
358 3388 425 3424 oc:
459 3355 862 3441 Εὖποροῦντα
891 3357 972 3440 μή
1004 3351 1398 3440 ὑπερήφανον
1428 3358 1606 3438 εἶναι,
1637 3356 1978 3439 ἀποροῦντα
2008 3354 2088 3441 μὴ
2122 3364 2431 3423 ταπεινοῦ-

128 3456 300 3509 σθαι.
477 3454 553 3512 63
603 3454 737 3511 Sen.
784 3460 1042 3509 controv.
1080 3452 1222 3523 187,
1257 3452 1335 3510 26
1370 3454 1485 3515 Bu.
1535 3452 1811 3526 ‘magnum
1844 3454 2166 3527 praesidium
2207 3454 2261 3510 in
2291 3455 2434 3527 peri-

130 3540 272 3595 culis
323 3540 655 3595 innocentia’
662 3580 674 3593 .
766 3538 1062 3594 Sententia
1117 3542 1177 3594 in
1218 3540 1379 3594 codd.
1434 3542 1668 3595 mutila.-
1729 3538 1962 3595 Infelicis
2008 3540 2316 3595 innocentia
2364 3540 2427 3609 G,

132 3625 366 3681 felicitas
417 3626 757 3681 innocentiae
802 3624 874 3686 S,·
940 3624 1060 3679 Veri
1116 3622 1345 3678 felicitas
1402 3624 1709 3679 innocentia
1763 3630 1848 3680 est
1901 3627 2061 3682 codd.
2107 3640 2266 3679 recc.
2310 3640 2432 3678 vera

133 3712 292 3766 editt.
470 3710 547 3767 65
597 3708 729 3765 Sen.
764 3713 927 3781 epist.
964 3707 1114 3781 105,
1148 3709 1184 3765 8
1230 3709 1451 3763 ‘Tutum
1495 3709 1671 3782 aliqua
1717 3726 1803 3765 res
1849 3710 1903 3765 in
1936 3708 2070 3764 mala
2102 3708 2432 3764 conscientia

132 3802 393 3869 praestat,
425 3794 571 3850 nulla
604 3791 899 3850 securum'.
938 3798 1102 3866 epist.
1139 3794 1240 3866 97,
1269 3794 1345 3850 13
1379 3790 1540 3849 ‘Tuta
1571 3794 1774 3849 scelera
1807 3811 1927 3850 esse
1957 3801 2210 3867 possunt,
2243 3808 2431 3848 secura

132 3896 247 3936 non
277 3880 553 3954 possunt’.
635 3880 766 3935 Sen.
801 3880 1055 3936 Phaedr.
1094 3879 1211 3937 169
1247 3881 1333 3936 ed.
1367 3880 1534 3952 Peip.
1579 3876 1790 3934 ‘Scelus
1819 3879 1997 3952 aliqua
2030 3886 2241 3950 tutum,
2283 3878 2431 3934 nulla

133 3982 387 4021 securum
419 3965 586 4021 tulit’.
740 3964 819 4022 66
866 3965 1044 4021 Mart.
1078 3966 1241 4021 Dum.
1276 3967 1346 4021 de
1371 3963 1548 4037 form.
1581 3965 1714 4020 bon.
1749 3968 1898 4020 vitae
1931 3962 1990 4036 2,
2024 3964 2058 4021 6
2095 3964 2252 4019 ‘Cum
2281 3962 2432 4021 initia

133 4051 424 4121 inveneris,
459 4052 635 4107 exitus
668 4049 975 4123 cogitabis'.
1040 4048 1345 4105 continebis
1377 4050 1422 4104 si
1454 4049 1502 4105 G
1535 4048 1605 4105 S:
1648 4048 1950 4105 continebit
1979 4050 2072 4123 qui
2104 4052 2301 4123 vu190;
2346 4051 2428 4122 cf.

135 4137 216 4191 ad
243 4137 279 4207 3
313 4136 393 4193 33
524 4131 554 4164 '¹‘
585 4137 936 4209 cogitaveris:
983 4133 1309 4209 cogitaberis
1346 4134 1431 4190 Ga
1467 4134 1568 4205 Gb,
1601 4133 1859 4208 cogitabit
1891 4138 2058 4209 vulyo
2168 4135 2244 4192 67
2294 4134 2429 4191 Sen.

134 4224 205 4277 de
237 4223 363 4277 ben.
398 4219 469 4292 2,
504 4221 575 4276 11
626 4217 753 4287 Qui
784 4220 931 4276 dedit
960 4217 1283 4275 beneficium
1314 4226 1520 4291 taceat,
1565 4228 1749 4276 narret
1780 4222 1872 4295 qui
1901 4220 2150 4293 accepit'.
2210 4220 2424 4275 Auson.
2457 4244 2470 4249 ·

152 4306 266 4363 VII
296 4306 437 4378 Sap.
475 4307 544 4377 6,
578 4304 636 4361 4.
672 4306 729 4362 5.
779 4305 947 4363 Caec.
982 4306 1154 4362 Balb.
1180 4304 1332 4361 Par.
1366 4304 1470 4377 32,
1494 4322 1591 4379 pq.
1625 4304 1709 4363 40
1751 4303 2067 4379 Acceptum
2107 4302 2424 4360 beneficium

134 4398 385 4447 aeternae
429 4393 716 4447 memoriae
762 4389 855 4446 ms
842 4390 1144 4465 gendum
1232 4390 1508 4447 Menand.
1556 4391 1801 4448 Monost.
1849 4390 1968 4447 749
2013 4406 2186 4463 χαοιν
2229 4376 2426 4466 λαβὼν
