2917 4950
488 289 572 352 80
1132 300 1445 348 rusmnu
1493 299 1652 348 srm
1697 296 2154 348 senmurum.

492 465 616 523 210
660 455 1017 522 Hominem
1063 454 1348 542 experiri
1393 451 1601 518 multa
1643 459 1994 540 paupertas
2037 449 2240 515 iubet.

660 557 813 624 Heu
862 555 1048 623 dolor
1092 578 1287 643 quam
1330 558 1532 620 miser
1577 565 1708 638 est,
1755 554 1868 641 qui
1909 554 1981 618 in
2024 553 2343 616 tormento
2388 571 2630 616 vocem
2677 551 2808 612 non

1705 654 1928 720 habet!

658 760 813 827 Heli
861 783 1057 848 quam
1100 760 1307 824 multa
1351 756 1748 846 paenitenda
1790 758 2132 821 incurrunt
2177 755 2464 822 vivendo
2509 753 2677 819 diu!

656 863 839 950 (Heu
883 885 1077 950 quam
1120 863 1433 926 miserum
1481 869 1581 925 est
1625 860 1876 924 discere
1920 858 2202 940 servire,
2259 856 2375 922 ubi
2419 857 2509 922 sis
2561 856 2806 920 doctus
2916 859 2917 870 ’

1713 960 2100 1045 dominarii)

652 1067 887 1162 ‘Habet
932 1089 1122 1132 suum
1164 1087 1490 1130 venenum
1534 1062 1776 1128 blanda
1821 1063 2049 1127 oratio.

492 1177 613 1234 215
659 1169 871 1234 Homo
917 1169 1159 1235 totiens
1205 1168 1502 1248 moritur,
1552 1166 1852 1253 quotiens
1897 1164 2150 1228 amittit.
2191 1185 2362 1228 suos.

663 1271 877 1338 Homo
924 1292 1119 1357 saepe
1162 1271 1231 1333 in
1276 1267 1457 1334 aliud
1503 1268 1731 1350 fertur,
1776 1264 1958 1331 aliud
2003 1266 2266 1350 cogitat.

660 1373 997 1440 Honestus
1042 1393 1261 1436 rumor
1303 1369 1584 1435 alterum
1619 1379 1727 1434 est
1771 1368 2255 1456 patrimonium.

666 1473 880 1539 Homo
925 1496 1007 1538 ne
1052 1474 1140 1539 sit
1180 1474 1323 1538 sine
1367 1471 1612 1554 dolore,
1659 1471 2017 1537 Fortunam
2062 1470 2337 1534 invenit.

663 1576 959 1642 Honeste
1006 1576 1232 1659 servit,
1282 1576 1392 1661 qui
1438 1572 1804 1638 succumbit
1847 1572 2147 1659 tempori.

499 1687 625 1746 220
668 1677 881 1744 Homo
928 1679 1107 1744 vitae
1150 1675 1619 1759 commodatus,
1663 1697 1794 1740 non
1839 1673 2116 1740 donatus
2161 1681 2279 1736 est.

669 1779 958 1846 Heredis
1004 1779 1195 1844 fletus
1244 1778 1365 1845 sub
1410 1798 1688 1866 persona
1729 1777 1903 1841 risus
1949 1785 2066 1840 est.

669 1881 999 1947 Heredem
1044 1881 1217 1946 ferre
1262 1879 1490 1946 utilius
1537 1889 1637 1944 est
1680 1900 1875 1967 quam
1918 1898 2250 1964 quaerere.

672 1983 942 2049 Habent
986 1983 1197 2048 locum
1240 1980 1578 2047 maledicti
1622 1979 1887 2045 crebrae
1929 1981 2215 2066 nuptiae.

497 2193 764 2237 comens
812 2196 857 2234 ν.
895 2177 1255 2235 194—223:
1289 2177 1513 2270 PRBF
1537 2173 1751 2250 (TEC),
1798 2194 1848 2230 v.
1881 2172 2246 2232 224—229:
2279 2173 2426 2247 F(T)

664 2297 789 2355 210
836 2297 897 2368 Ο,
948 2299 1108 2357 Vino.
1141 2298 1292 2352 Bell.
1338 2312 1427 2368 sp.
1458 2298 1514 2352 d.
1550 2295 1620 2368 5,
1655 2296 1732 2352 78
1908 2295 2025 2351 211
2075 2291 2182 2350 ΕΟ
2223 2295 2382 2351 Vino.
2421 2295 2566 2351 Bell.
2615 2311 2708 2366 sp.
2741 2295 2794 2348 d.

500 2382 572 2453 4,
610 2380 728 2437 112
918 2384 1025 2439 heu
1067 2398 1167 2455 pro
1208 2380 1367 2436 dolor
1397 2380 1484 2451 B,
1526 2381 1686 2437 dolor
1716 2399 1821 2438 om.
1858 2381 1901 2437 C
2080 2379 2366 2436 tormentis
2408 2379 2628 2434 Gruter

496 2466 619 2524 212
666 2465 772 2525 EC
935 2469 1041 2523 inc.
1077 2466 1321 2523 homines
1352 2484 1403 2520 v·
1436 2465 1488 2521 d.
1541 2467 1699 2523 Vine.
1734 2466 1882 2524 Bell.
1916 2484 2004 2538 sp.
2033 2466 2090 2522 d.
2125 2463 2188 2537 5,
2221 2463 2375 2536 102,
2405 2482 2494 2536 sp.
2525 2472 2654 2522 nat.
2691 2463 2790 2534 31,

454 2562 457 2567 '
492 2553 572 2611 88
592 2596 607 2623 ,
644 2560 939 2609 occurrunt
968 2552 1063 2608 diu
1093 2552 1289 2608 viventi
1322 2550 1394 2622 Ο,
1440 2553 1678 2609 viventes
1711 2552 1800 2608 diu
1832 2553 2093 2620 Palatini
2123 2551 2376 2607 Gruteri.
2467 2548 2640 2617 Quam
2668 2567 2726 2623 p.
2759 2550 2790 2603 i.

491 2639 689 2695 viventi
721 2639 812 2693 diu
842 2654 994 2696 unus
1022 2639 1333 2695 Palatinus
1507 2637 1629 2695 213
1674 2638 1784 2694 hoe
1812 2625 1940 2694 lo'co
1967 2637 2090 2706 PB,
2123 2652 2310 2708 supra
2342 2642 2480 2693 ante
2510 2654 2561 2691 v.
2593 2634 2726 2692 210
2751 2634 2801 2686 F

492 2728 695 2781 omisso
726 2740 899 2781 versu
932 2722 1085 2793 209,
1118 2724 1277 2779 deest
1306 2726 1367 2779 in
1398 2723 1451 2779 R
1653 2731 1738 2778 est
1768 2740 1870 2780 om.
1903 2722 1968 2778 P.
2171 2721 2379 2777 discere
2409 2738 2515 2777 om.
2553 2718 2602 2774 Ο

492 2807 584 2865 uhi
613 2808 771 2865 PBG
782 2832 799 2863 .·
843 2808 935 2865 uhi
966 2825 1075 2864 non
1106 2808 1180 2878 F,
1223 2808 1329 2863 nisi
1375 2808 1529 2863 Vino.
1566 2808 1715 2863 Bell.
1745 2824 1834 2879 sp.
1867 2809 1920 2863 d.
1953 2805 2012 2876 5,
2045 2805 2126 2863 43
2299 2804 2494 2861 doctus
2537 2806 2614 2860 sis
2647 2805 2790 2861 dom.

510 2895 668 2950 Vinc.
700 2893 895 2950 doctus
926 2893 1098 2949 fueris
1131 2892 1183 2947 d.
1220 2890 1267 2947 Ο
1434 2892 1558 2947 214
1603 2892 1704 2949 ΕΟ
1749 2894 1908 2949 Vino.
1939 2891 2090 2948 Bell.
2126 2908 2212 2963 sp.
2245 2892 2299 2947 d.
2334 2889 2406 2963 4,
2443 2890 2595 2960 168,
2631 2891 2688 2947 h.
2721 2890 2792 2943 vi·-

493 2995 585 3034 rus
630 2978 907 3035 oecultum
948 2977 1002 3033 h.
1047 2978 1322 3033 miseratio
1362 2977 1422 3031 T.
1517 2977 1605 3049 Cf.
1650 2978 1904 3035 Phaedr.
1954 2976 2022 3047 1,
2068 2976 2181 3048 19,
2217 2976 2246 3030 1
2305 2972 2528 3031 ‘habent
2568 2974 2791 3033 insidias

492 3064 726 3119 hominis
758 3062 1047 3119 blanditiae
1077 3062 1246 3117 maii!
1479 3062 1600 3118 215
1649 3063 1750 3120 ΕΟ
1793 3064 1951 3119 Vinc.
1986 3061 2140 3117 Bell.
2175 3078 2260 3133 sp.
2292 3062 2347 3118 d.
2381 3059 2440 3133 5,
2479 3060 2596 3119 105

493 3147 656 3203 domo
706 3147 865 3204 Vinc.
900 3148 969 3203 B.
1012 3164 1098 3219 sp.
1146 3147 1201 3202 d.
1234 3146 1307 3218 4,
1341 3146 1462 3204 139
1665 3148 1872 3203 amittat
1903 3146 1962 3203 F
2171 3146 2292 3203 216
2338 3162 2498 3218 saepe
2543 3147 2600 3201 in
2645 3142 2787 3200 aliud

493 3232 667 3288 fertur
697 3232 967 3289 Halmius
996 3239 1051 3288 et
1074 3232 1395 3288 Maelzlius:
1440 3244 1654 3306 semper
1683 3231 1826 3288 aliud
1857 3232 2092 3288 furetiua
2117 3231 2187 3302 P,
2221 3246 2435 3304 semper
2467 3230 2608 3286 aliud
2643 3230 2789 3287 fure-

494 3318 631 3373 tinat
660 3317 749 3388 R,
798 3333 1011 3391 semper
1058 3316 1200 3373 aliud
1244 3317 1408 3372 fuerit
1440 3317 1523 3387 B,
1566 3334 1779 3392 semper
1820 3320 1876 3373 in
1917 3334 1977 3372 se
2018 3315 2159 3371 aliud
2191 3315 2301 3371 fert
2329 3316 2386 3371 F
2393 3340 2412 3380 ,·
2455 3331 2616 3389 saepe
2662 3314 2791 3370 furit

492 3404 547 3457 in
578 3401 724 3459 aliud
755 3405 881 3473 ipse
913 3404 1158 3472 conieci,
1193 3418 1348 3458 nune
1378 3404 1569 3459 malim
1600 3419 1760 3476 saepe
1789 3402 1966 3458 fertur
1993 3402 2048 3457 in
2079 3399 2224 3456 aliud
2257 3404 2382 3457 coll.
2405 3418 2505 3473 pq.
2540 3399 2620 3456 59
2763 3401 2770 3404 “

494 3485 643 3543 aliud
669 3488 875 3561 cogitat
905 3490 1135 3544 restitui
1162 3503 1241 3544 eoe
1270 3488 1406 3543 PR.-
1451 3488 1506 3543 in
1536 3486 1764 3545 alterum
1797 3504 1842 3543 a.
1877 3504 1920 3543 c.
1956 3487 2086 3559 BF,
2121 3488 2304 3560 vulyo.
2370 3486 2456 3559 Cf.
2492 3484 2614 3543 563

433 3580 458 3600 ·
495 3570 616 3628 217
665 3571 755 3644 Cf.
802 3591 849 3628 v.
885 3572 983 3628 62.·
1028 3570 1127 3629 83.
1172 3571 1314 3629 498.
1403 3573 1714 3629 Fabricius
1767 3588 1844 3627 ex
1884 3587 2056 3629 mser.
2112 3571 2368 3628 ‘honesta
2409 3570 2544 3627 fama
2595 3566 2787 3627 melior

494 3658 715 3730 pecunia
761 3656 885 3713 est'.
976 3656 1105 3730 (leq.
1138 3656 1332 3716 melior
1372 3664 1457 3713 est
1500 3657 1748 3731 pecunia)
1948 3659 2006 3712 in
2037 3658 2094 3712 F
2125 3655 2289 3728 infra
2330 3658 2542 3731 leyitur
2571 3664 2708 3727 post
2738 3674 2785 3711 v·

496 3740 617 3799 225
766 3742 1149 3817 patrimonium
1180 3742 1293 3798 BF
1304 3768 1317 3795 .-
1347 3749 1562 3815 patrum
1593 3742 1834 3798 omnium
1860 3743 1967 3799 PR
2142 3740 2262 3798 218
2311 3740 2400 3815 Cf.
2433 3760 2484 3799 v.
2523 3740 2642 3799 153

494 3827 713 3885 fortuna
743 3827 847 3884 FC
996 3826 1117 3884 219
1164 3827 1331 3883 servit
1368 3827 1702 3898 Ber-nensis,
1729 3819 1797 3898 C,
1830 3828 2146 3883 Erasmus.-
2190 3827 2389 3882 serviet
2416 3826 2640 3883 PRBF

496 3910 621 3968 220
662 3928 707 3967 c.
741 3920 825 3968 est
870 3929 985 3969 non
1033 3912 1086 3968 d.
1139 3912 1293 3968 Vinc.
1329 3911 1478 3969 Bell.
1519 3930 1610 3985 sp.
1645 3912 1807 3983 d..5,
1843 3911 1993 3983 104,
2035 3920 2121 3968 est
2164 3930 2270 3969 om.
2323 3913 2477 3968 Vino.
2510 3912 2582 3967 B.
2614 3928 2702 3983 sp.
2729 3910 2780 3965 d.

497 3994 569 4067 5,
604 3995 742 4051 112.
787 4013 873 4068 sp.
916 4004 1034 4054 nat.
1081 3997 1193 4067 31,
1222 3995 1348 4054 ’102
1380 3994 1548 4071 (101)
1721 3996 2132 4061 commendatur
2171 3997 2256 4068 R,
2301 3995 2707 4053 commendatus
2745 3992 2786 4048 C

666 4080 784 4136 221
836 4081 1051 4138 Gellius
1084 4081 1183 4153 17,
1219 4081 1297 4137 14
1471 4082 1686 4139 heredis
1718 4081 1879 4138 fletus
1913 4081 1983 4153 Ο,
2015 4098 2089 4153 π,
2123 4070 2780 4154 Bamberyensis:·here's

496 4166 655 4221 fictus
683 4166 730 4221 L
903 4164 1023 4220 222
1072 4166 1159 4239 Cf.
1192 4185 1242 4223 v.
1274 4166 1396 4225 323
1583 4168 1718 4225 scire
1751 4169 2036 4227 Erasmus
2208 4166 2490 4223 honestius
2523 4182 2675 4223 unus
2703 4180 2776 4223 ex

495 4251 781 4307 Palatinis
813 4250 1053 4306 Gruter-i
1243 4249 1365 4315 223
1411 4250 1590 4308 locum
1623 4253 1678 4307 B
1706 4268 1824 4309 sec.
1858 4271 1930 4309 m.
1963 4268 2093 4323 sup.
2124 4268 2238 4309 ser.
2423 4251 2703 4307 maledicte
2737 4246 2781 4302 B

665 4334 882 4391 crebere
913 4336 989 4406 R,
1020 4334 1211 4389 crehae
1244 4336 1327 4390 Pb
