2917 4950
1027 302 1578 351 PROLEGOMENA.
1698 297 1709 336 ἰ
2372 285 2456 350 59

157 455 269 536 fis>
327 465 408 521 Ut
464 457 585 521 hac
628 479 887 544 quoque
931 457 1014 522 de
1059 478 1256 523 causa
1299 479 1529 523 versus
1574 479 1614 524 a
1660 455 1944 525 Grutero
1991 478 2075 522 ex
2119 454 2453 522 codicibus

158 557 485 624 Palatinis
531 567 831 646 receptus
855 567 898 600 ¹*
2060 585 2067 588 -

613 699 875 761 Gemitu-9
917 704 1137 763 dolores
1179 705 1417 772 indicat,
1462 697 1587 763 ‘nlon
1628 706 1904 774 vindieat,

149 853 188 892 a
231 829 528 897 Publilio
583 831 1061 928 abiudicandus
1107 835 1214 899 sit.
1302 835 1592 927 Maxime
1647 856 1803 900 vero
1850 834 2454 920 delectatur‘gemi-

146 934 444 1018 natione,
489 944 564 998 ut
608 934 784 1000 idem
828 935 1220 1001 vocabulum
1265 938 1366 1000 bis
1415 937 1723 1025 deinceps
1764 946 2066 1026 ponatur.
2157 935 2295 1001 Cfr.

578 1102 610 1149 3
654 1093 912 1154 Animus
952 1097 1137 1154 verer-i
1179 1099 1281 1169 qui
1321 1099 1444 1165 seit,
1488 1099 1594 1156 seit
1636 1101 1763 1156 tuta
1805 1097 2049 1172 inyredi.

507 1205 608 1252 216
651 1198 843 1256 Homo
885 1215 1054 1270 saepe
1094 1198 1284 1270 Τενέαν
1324 1201 1393 1256 in
1434 1200 1617 1267 aliud,
1663 1199 1827 1258 aliud
1869 1201 2094 1273 eoyitat.

439 1364 446 1369 ‚
508 1306 608 1355 412
652 1298 794 1358 Non
834 1318 1056 1373 semper
1097 1319 1303 1359 aurern
1343 1301 1576 1372 facilem
1616 1300 1873 1373 facilitas
1914 1301 2098 1360 habet.

507 1409 606 1456 463
650 1403 772 1460 Pro
815 1403 1102 1460 medicina
1145 1407 1226 1461 est
1267 1392 1445 1471 dolor,
1492 1404 1742 1462 dolorem
1784 1404 1885 1475 qui
1928 1407 2109 1461 necat.

507 1509 609 1558 524
653 1505 768 1578 Qui
810 1506 967 1562 timet
1009 1507 1281 1574 ami-eum,
1327 1509 1551 1564 amicus
1594 1510 1660 1564 ut
1702 1507 1902 1564 timeat
1944 1506 2115 1563 docet.

506 1611 602 1659 541
653 1607 767 1680 Qui
799 1611 934 1679 pote
977 1607 1157 1665 celare
1199 1610 1424 1676 vitium,
1469 1609 1677 1669 vitium
1719 1625 1842 1665 non
1884 1607 2045 1678 facit.

154 1772 326 1836 quae
380 1750 636 1816 librarii
693 1752 994 1839 pluribus
1052 1753 1212 1819 locis
1268 1754 1779 1842 transpositione
1823 1752 2174 1816 verborum
2220 1750 2451 1816 obscu-

157 1863 493 1918 raverunt.
584 1855 686 1919 Cf.
748 1877 812 1918 v.
858 1855 912 1918 4=
952 1857 1217 1938 infirma
1269 1859 1493 1940 firma,
1558 1855 1677 1920 179
1721 1856 1937 1936 perdit
1976 1856 2267 1936 perdere,
2330 1853 2457 1916 224

149 1977 393 2036 pareas
434 1978 706 2039 pareaS,
773 1956 895 2021 291
951 1958 1156 2023 valere
1209 1959 1448 2037 valent,
1518 1958 1645 2022 340
1702 1958 1916 2022 multis
1971 1957 2211 2034 multiS,
2285 1957 2457 2037 eupit

159 2061 360 2140 eupit,
414 2059 544 2123 584
583 2080 766 2142 posse
810 2061 1042 2142 possit,
1102 2069 1166 2124 et
1222 2082 1287 2124 v.
1355 2061 1507 2142 138,
1568 2061 1624 2123 si
1681 2080 1841 2122 vera
1899 2068 1999 2123 est
2059 2057 2453 2138 coniectura,

163 2163 471 2226 amissum
528 2164 857 2226 amictibur.
947 2161 1318 2248 Aliquoties
1383 2172 1603 2226 tamen
1659 2161 2089 2241 factumest,
2157 2167 2231 2223 ut
2294 2157 2453 2224 haec

160 2261 371 2345 figura
413 2263 606 2326 metri
650 2264 1026 2328 necessitati
1072 2263 1364 2346 cederet,
1423 2262 1607 2328 velut
1651 2286 1716 2327 v.
1761 2263 1846 2328 50
1889 2261 2083 2328 emori
2125 2263 2317 2344 mori,
2370 2260 2454 2324 66

159 2365 552 2457 interimitur
583 2367 770 2447 perit,
817 2365 942 2430 598
988 2354 1201 2431 timere
1246 2369 1503 2431 metita&
1594 2366 1676 2429 In
1705 2365 1831 2431 hoc
1860 2373 1994 2429 tam
2026 2363 2271 2448 insigni
2304 2385 2452 2428 con-

161 2465 500 2530 cinnitatis
559 2466 776 2532 studio
832 2467 974 2532 fieri
1030 2469 1146 2531 vix
1203 2469 1450 2555 potuit,
1509 2480 1583 2533 ut
1637 2466 1962 2533 Publilius
2021 2490 2084 2531 v.
2140 2467 2223 2531 33
2278 2463 2457 2530 nulla

160 2569 526 2633 tetrametri
583 2568 727 2654 lege
782 2571 1134 2657 impeditus
1183 2570 1485 2636 maluerit
1531 2570 1815 2636 scribere
1859 2576 2170 2651 quantum
2213 2570 2451 2646 melior,

165 2675 336 2735 tanto
380 2673 689 2753 nequior„
769 2746 774 2749 ,

335 2773 498 2837 Cum
531 2771 802 2837 Publilii
849 2776 1212 2839 sententiae
1257 2798 1374 2862 pro
1419 2776 1597 2839 vitae
1642 2776 2007 2862 praeceptis
2041 2774 2171 2837 sint
2207 2772 2451 2837 haben-

167 2873 316 2957 dae,
363 2876 830 2960 gravissimum
877 2878 999 2941 erit
1044 2879 1394 2964 inquirere,
1443 2900 1571 2964 qua
1616 2876 1928 2943 orationis
1972 2875 2183 2941 forma
2225 2876 2294 2937 in
2338 2874 2452 2937 ad-

166 2976 488 3041 monendo
533 3000 688 3041 usus
734 2978 842 3041 sit.
928 2978 1233 3063 Magistri
1278 2980 1542 3043 virtutis
1586 2989 1685 3043 est
1715 3002 1859 3043 cum
1891 2977 2124 3043 docere
2155 2975 2315 3064 quid
2344 2978 2453 3059 sit,

168 3088 314 3143 tum·
353 3080 732 3166 praecipere
789 3102 957 3167 quae
1011 3081 1228 3144 facere
1273 3082 1646 3146 debeamus.
1735 3081 2019 3145 Docenti
2061 3089 2133 3144 ut
2180 3087 2278 3142 est
2320 3100 2452 3141 ma-

167 3182 335 3244 xime
396 3192 901 3246 consentaneum
953 3184 1049 3247 uti
1107 3183 1300 3248 modo
1356 3182 1717 3249 indicativo
1732 3184 1831 3267 ²¹⁶),
1899 3186 1992 3248 ita
2056 3181 2451 3261 exhortanti,

167 3292 348 3367 prout
392 3282 692 3364 libuerit,
748 3294 862 3349 aut
902 3286 1290 3371 imperativo
1347 3295 1462 3349 aut
1515 3286 1842 3371 praesenti
1894 3284 2296 3348 coniunctivi
2338 3290 2455 3345 aut

167 3384 377 3450 futuro
437 3384 787 3449 indicativi
842 3388 939 3450 uti
995 3386 1169 3451 licet.
1261 3387 1390 3451 Sed
1452 3388 1976 3474 imperativo,
2038 3386 2189 3472 quia
2244 3385 2451 3472 poetis

168 3486 528 3573 imperandi
571 3487 674 3551 ius
719 3488 934 3552 minus
971 3490 1359 3576 permissum
1391 3499 1509 3573 est,
1557 3488 1851 3555 consulto
1881 3488 2200 3553 abstinuit
2231 3484 2451 3550 Publi-

168 3586 611 3679 liuslexcepto
653 3612 783 3654 uno
828 3612 1026 3655 versu
1067 3592 1188 3655 261

651 3732 754 3790 Ita
797 3734 957 3791 erede
1001 3736 1205 3802 amieO,
1251 3752 1324 3792 ne
1365 3736 1442 3821 sit
1486 3735 1720 3792 inimico
1765 3735 1937 3803 leem,

165 3860 271 3924 ubi
327 3862 820 3926 ceniunctivum
877 3864 1086 3947 magis
1136 3886 1219 3927 ex
1261 3886 1386 3928 usu
1430 3864 1771 3949 scriptoris
1826 3885 1967 3927 esse
2012 3863 2262 3928 librarii
2306 3862 2449 3925 Fri-

167 3965 377 4046 gensis
422 3962 644 4050 lapsus
680 3965 952 4049 (eredas)
986 3967 1145 4029 satis
1193 3965 1501 4049 ostendit,
1549 3987 1668 4030 nec
1712 3965 2002 4052 profecto
2043 3966 2138 4029 ita
2168 3966 2450 4030 scribere

295 4186 350 4252 *)
389 4188 546 4238 Unus
585 4193 672 4237 est
707 4205 915 4248 versus,
954 4191 1012 4238 in
1050 4170 1154 4255 quo
1193 4195 1358 4255 poeta
1393 4190 1571 4256 prima
1607 4206 1843 4256 persona
1879 4205 2013 4241 usus
2038 4190 2105 4241 de
2132 4194 2307 4241 semet
2330 4192 2449 4255 ipso

169 4270 429 4335 loquitur,
480 4275 577 4322 146
614 4268 764 4324 Deos
808 4270 990 4324 ridere
1035 4272 1194 4324 eredo
1205 4312 1222 4337 ,
1269 4288 1392 4325 cum
1437 4272 1577 4337 felix
1620 4278 1791 4338 vocet,
1840 4282 2085 4326 ceterum
2132 4291 2165 4324 a
2203 4275 2451 4329 codicum

174 4358 499 4407 auctoritate
535 4373 727 4421 parum
767 4359 1200 4412 commendatus·
