2917 4950
977 300 1528 354 PRoLEeoMENA.
2313 284 2401 352 45

137 453 404 539 ignotum
446 454 688 537 fuisse,
736 475 929 540 quam
971 464 1374 520 vetustorum
1420 455 1716 520 codicum
1763 455 2163 543 corruptelae
2206 477 2396 542 quae-

137 556 296 638 dam,
355 578 520 642 quae
575 577 660 619 ex
706 555 926 620 Gellio
983 555 1178 620 facile
1237 559 1454 621 sanari
1510 566 1843 644 poterant,
1901 557 2106 623 veluti
2163 580 2226 625 v.
2271 558 2395 621 221
2436 601 2462 613 ⁴

133 659 291 722 heres
324 660 521 740 fictus,
612 657 693 720 In
738 658 1207 723 recentioribus
1255 659 1516 723 demum
1561 658 1897 724 codicibus
1934 670 1998 725 et
2029 681 2257 724 versus
2287 658 2399 722 ille

132 759 490 824 emendatus
531 757 800 844 ‚legitur
857 769 920 824 et
976 762 1339 825 certissima
1403 771 1780 850 comparent
1834 760 2047 826 Gellii
2092 762 2396 845 vestigia,

131 873 235 923 ex.’
271 883 367 944 gr.
427 862 497 923 in
554 861 778 925 codice
825 861 904 942 O,
976 872 1038 926 et
1096 865 1165 927 in
1209 863 1681 950 Bambergensi
1736 887 1846 952 pg.
1892 866 1973 929 67
2020 864 2399 928 ‘Sententiae

131 962 328 1027 Publii
381 964 472 1026 ad
523 984 905 1028 commanem
970 985 1156 1029 asam
1222 969 1735 1032 accommodatae.
1823 965 2242 1059 Beneficium·
2266 969 2398 1029 etc?

129 1086 273 1149 quae
326 1062 533 1128 verba
589 1087 675 1128 ex
727 1066 873 1151 ipso
931 1064 1146 1130 Gellio
1202 1070 1409 1154 petita
1466 1078 1638 1132 sunt.
1728 1066 1917 1147 Quae
1974 1089 2121 1132 cum
2179 1067 2273 1130 ita
2329 1087 2398 1129 se

19 1177 21 1234 4
126 1165 412 1250 habeant,
459 1167 820 1230 sententias
857 1165 1190 1248 Gellianas
1237 1179 1490 1234 tantum
1532 1192 1663 1235 non
1707 1192 1927 1235 omnes
1970 1177 2250 1234 aetatem
2293 1167 2395 1234 t'u-

127 1266 265 1330 lisse
307 1268 596 1331 maxime
641 1278 740 1334 est
781 1269 1139 1333 verisimile
1154 1272 1244 1355 ²³).

275 1369 505 1435 Altera
552 1373 846 1456 quaestio
894 1373 1186 1437 exoritur
1229 1373 1421 1438 haec:
1479 1399 1523 1438 u
1535 1384 1562 1439 t
1574 1398 1607 1438 r
1620 1398 1663 1439 u
1677 1399 1741 1440 m
1788 1397 1817 1438 s
1835 1397 1925 1438 en
1938 1384 1965 1438 t
1980 1395 2013 1437 e
2027 1396 2072 1437 n
2085 1381 2111 1436 t
2123 1373 2148 1435 i
2161 1374 2185 1436 i
2200 1395 2230 1437 s
2277 1373 2355 1437 in
2370 1408 2392 1418 -

21 1547 23 1560 Ι
131 1492 286 1534 esse
352 1471 766 1537 credamus
833 1471 1176 1539 aliorum
1233 1497 1539 1564 quoque
1595 1485 2010 1565 poetarum
2070 1483 2395 1562 praeter

21 1567 23 1634 ῗ
127 1572 552 1638 Publilium
599 1596 882 1639 versus
927 1575 1218 1640 necne?
1430 1581 1440 1586 '

277 1677 377 1739 Ac
422 1675 506 1739 de
549 1677 859 1742 Terentio
915 1677 1182 1764 quidem
1227 1689 1292 1743 et
1333 1680 1615 1744 Laberio
1672 1680 1960 1745 breviter
2005 1678 2255 1744 dictum
2300 1688 2399 1743 est

22 1847 23 1850 Ἴ
129 1799 223 1862 pg.
270 1781 341 1859 4,
409 1778 602 1842 Matii
663 1800 894 1843 versus
950 1781 1163 1844 inesse
1232 1781 1560 1846 immerito
1626 1784 1997 1868 suspicatur
2053 1779 2397 1863 BaehriuS,

131 1877 262 1943 hist.
307 1878 435 1944 litt.
464 1881 653 1945 Rom.
701 1880 830 1946 vol.
866 1881 921 1944 Ι.
969 1882 1071 1946 ed.
1103 1883 1164 1946 4.
1211 1905 1321 1969 pg.
1353 1884 1501 1948 330.
1593 1883 1922 1949 Sed‘ecce
1968 1884 2396 1969 gravissimus

130 1981 297 2045 nobis
342 1992 568 2047 auctor
599 1981 930 2047 inducitur
957 1984 1036 2047 L.
1071 1983 1484 2070 SpengeliuS,
1529 1986 1599 2049 in
1630 1985 1903 2049 Caecilii
1934 1985 2131 2051 Statii
2161 1986 2394 2070 fragm.

129 2105 222 2168 pg.
267 2084 302 2147 7
360 2085 453 2147 ita
498 2083 856 2149 disserens:
917 2086 1032 2150 ‘In
1087 2087 1305 2150 latinis
1347 2087 1500 2170 Syri
1552 2090 1871 2153 sententiis
1918 2090 2169 2174 pariter
2212 2093 2397 2169 atque

22 2175 23 2214 ³
131 2187 188 2247 in
212 2185 565 2251 Menandri
602 2190 846 2270 yraecis
878 2189 1080 2270 plara
1122 2191 1375 2253 vetastis
1419 2192 1666 2255 comicis
1710 2195 1767 2255 et
1808 2193 2069 2273 trayicis
2111 2194 2397 2272 excerpta

23 2341 25 2372 ξ
129 2286 318 2352 latent.
414 2288 589 2368 Quae
632 2292 743 2370 qai
784 2291 963 2354 nobis
1005 2293 1294 2373 servavit,
1339 2292 1469 2356 nisi
1498 2313 1573 2356 ex
1600 2294 1757 2374 ipsis
1786 2297 2110 2358 auctorum
2136 2292 2392 2372 sabuli-3,

24 2385 25 2414 ἶ
128 2409 152 2450 e
190 2389 361 2453 libris
402 2395 674 2455 veteram
715 2411 886 2455 nanc
929 2391 1279 2475 deperditi-9,
1327 2394 1543 2475 quales
1580 2393 1847 2460 Senecae
1888 2392 2079 2459 Gellii
2123 2394 2396 2459 aliorum

127 2497 283 2571 sunt,
341 2493 651 2574 descripta
694 2497 1044 2578 conyess·it'.
1098 2478 1215 2558 'Id
1258 2493 1434 2559 haud
1481 2494 1680 2561 dubie
1725 2498 2021 2584 scripsit,
2081 2518 2228 2559 cum
2271 2496 2395 2561 Bo-

127 2591 233 2656 thii
288 2592 417 2657 fide
475 2594 755 2661 confisus
800 2594 1072 2661 Publilii
1117 2618 1261 2659 esse
1305 2608 1618 2681 sumeret,
1677 2607 1990 2685 quotquot
2034 2597 2145 2661 ille
2189 2597 2397 2661 edidit

25 2746 27 2751 .
130 2696 498 2777 sententiaS,
555 2696 731 2783 quod
773 2707 993 2762 tamen
1037 2697 1276 2763 falsum
1321 2720 1465 2764 esse
1508 2701 1639 2763 iam
1682 2722 1879 2787 supra
1921 2699 2392 2764 demonstravi-

128 2818 274 2861 mus.
361 2796 546 2878 Quid
588 2798 822 2863 multa!
871 2799 1060 2879 Quae
1105 2800 1501 2887 Spengelius‘
1526 2802 1852 2889 Sophocli,
1899 2800 2227 2888 Euripidi,
2260 2800 2392 2864 En-

128 2900 253 2982 nio,
296 2898 611 2984 Varroni,
660 2901 962 2966 Ciceroni
1005 2901 1335 2986 vindicat,
1384 2925 1469 2967 ex
1510 2905 1593 2967 iis
1638 2904 1802 2991 ipsis
1846 2902 2221 2969 auctoribus
2265 2924 2394 2967 non

128 3000 394 3066 indicato
437 3002 619 3067 sonte
663 3003 938 3069 Bothius
997 3005 1243 3092 primus
1287 3004 1681 3071 Publilianis
1726 3007 2064 3071 sententiis
2108 3006 2392 3069 inserue-

131 3111 236 3185 rat,
279 3125 424 3167 cum
466 3105 535 3168 in
582 3104 918 3171 codicibus
951 3108 1190 3172 nostris
1221 3127 1342 3170 nec
1373 3108 1525 3172 vola
1553 3130 1675 3171 nec
1706 3108 2060 3192 vestigium
2089 3110 2393 3194 supersit.

132 3276 231 3283 ..ᾳ-..ἓ
244 3280 425 3286 .....
430 3280 512 3287 *Α

249 3360 307 3425 *)
344 3364 522 3413 Aliter
557 3365 910 3415 statuendum
951 3371 1036 3415 cst
1072 3366 1137 3415 de
1175 3368 1367 3431 paucis
1404 3367 1733 3431 quibusdam
1773 3368 2085 3428 sententi1s,
2126 3382 2262 3431 quas
2300 3366 2392 3416 Se-

20 3439 28 3521 :
131 3458 251 3496 neca
285 3448 639 3514 philosophus
676 3466 785 3499 non
823 3449 1010 3499 addito
1049 3452 1294 3503 auctoris
1320 3453 1539 3503 nomine
1567 3452 1771 3515 attulit,
1808 3452 1980 3503 veluti
2010 3451 2171 3517 epist.
2197 3454 2281 3516 94,
2306 3436 2401 3501 43.'

135 3532 232 3595 108,
269 3536 345 3584 11.
415 3536 553 3585 Nam
593 3534 714 3585 fieri
751 3541 949 3601 potest,
987 3540 1049 3586 ut
1083 3552 1276 3587 versus

445 3650 671 3704 Avarus
705 3652 928 3708 animus
962 3652 1118 3705 nullo
1141 3653 1388 3707 satiatur
1423 3654 1591 3707 luero,

452 3735 614 3805 Quod
647 3736 767 3790 vult
799 3736 984 3803 habet,
1022 3737 1121 3805 qui
1153 3737 1289 3792 velle
1325 3738 1473 3805 quod
1506 3738 1645 3791 satis
1682 3742 1757 3792 est
1782 3742 1978 3806 potest.

135 3854 380 3917 omiserit,
418 3859 512 3923 qui
549 3859 949 3908 sententiarum
989 3875 1185 3925 corpus
1223 3860 1403 3911 Gellio
1441 3861 1720 3926 cognitum
1757 3862 2085 3925 composuit,
2124 3874 2247 3908 cum
2283 3858 2394 3908 sint

133 3936 364 4031 Publiffi
424 3943 542 3993 Iam
579 3958 707 3993 vero
745 3959 886 4008 quae
923 3944 1127 4010 legitur
1162 3946 1442 3996 sententia
1481 3962 1568 4011 ap.
1606 3944 1836 4006 Quintil.
1875 3946 1929 4007 8,
1967 3946 2025 4006 5‘,
2062 3946 2121 4008 5,
2168 3960 2233 3994 eo
2268 3944 2391 4009 ipso

134 4019 254 4084 loco,
290 4042 390 4091 quo
416 4028 641 4078 dicendi
676 4028 771 4078 ille
797 4030 1064 4094 magister
1086 4046 1216 4081 usus
1243 4035 1327 4081 est
1351 4030 1603 4095 exemplo
1628 4030 1944 4080 Publiliano
1973 4027 2067 4094 (cf.
2094 4030 2164 4079 ad
2190 4046 2241 4083 v.
2268 4030 2392 4091 628)

445 4143 603 4198 Mors
636 4145 838 4198 misera
873 4160 986 4199 non
1021 4152 1124 4213 est,
1159 4147 1351 4201 aditus
1385 4146 1463 4200 ad
1496 4150 1718 4201 nwrtem
1754 4151 1831 4200 est
1864 4146 2043 4199 miser.

138 4264 358 4316 senarius
393 4268 609 4333 quidem
648 4272 748 4327 est,
787 4270 924 4332 quod
963 4270 1109 4335 fugit
1140 4269 1507 4335 Bonnellium,
1544 4269 1643 4321 sed
1680 4284 1806 4318 num
1832 4266 2060 4318 Publilii
2094 4266 2257 4317 valde
2294 4266 2389 4315 du-

139 4344 255 4400 bito.
325 4351 408 4404 cf.
446 4368 612 4419 supra
648 4369 737 4419 pg.
781 4357 860 4404 13.
