2917 4950
440 313 561 381 132
1226 325 1662 378 SENTEN'rrAE
1709 327 1930 376 FALso

606 483 805 565 Quod
850 484 965 549 diu
1007 483 1332 565 t1·actariS‚
1378 483 1451 546 id
1495 492 1654 570 puta
1695 483 2155 547 rectissimum,

605 585 803 667 Quod
846 608 988 651 esse
1031 586 1301 650 tacitum
1349 586 1474 667 vis,
1522 585 1594 649 id
1637 583 1803 648 nulli
1847 583 2122 648 dixeris,

437 696 561 754 320
604 688 801 769 Quod
844 687 1060 752 facere
1105 696 1297 773 turpe
1342 697 1462 770 est,
1510 687 1728 750 dicere
1771 707 1854 750 ne
1897 685 2239 750 honestum
2284 695 2460 772 puta.

605 790 803 871 Quod
846 791 1100 854 nescias
1148 787 1459 852 damnare
1503 811 1760 853 summa
1805 797 1905 851 est
1947 789 2310 852 temeritas,

606 890 805 972 Quod
849 891 993 958 vult
1036 891 1256 975 habet,
1304 893 1417 979 qui
1462 889 1632 955 velle
1677 889 1852 976 quod
1897 891 2057 954 satis
2105 901 2224 974 est,
2268 899 2505 978 potest.

605 991 827 1074 Quum
870 1003 1127 1080 tempus
1172 1003 1457 1074 revocat,
1505 991 1618 1057 illa
1661 1013 1947 1080 praecox
1992 1002 2091 1058 est
2134 992 2315 1078 fuga.

604 1096 832 1161 Refert
875 1096 1193 1161 bonorum
1238 1094 1560 1183 exemplis
1605 1095 1825 1182 puniri
1871 1095 2222 1182 improbos,

436 1205 558 1262 325
602 1198 833 1262 Refert
878 1220 1070 1286 quam
1116 1199 1261 1284 quis
1308 1197 1476 1264 bene
1521 1198 1736 1279 vivat3
1783 1218 1978 1282 quam
2023 1196 2140 1261 diu
2183 1218 2314 1260 non
2356 1197 2580 1263 refert.

601 1301 784 1386 Rege
841 1299 1150 1366 incolumi
1210 1321 1391 1364 mens
1452 1298 1756 1364 omnibus
1813 1320 1944 1363 una
2004 1308 2136 1382 est3
2193 1300 2436 1364 amisso
2492 1322 2740 1386 rupere

827 1465 870 1488 ι
1649 1399 1866 1465 fidem.

602 1503 897 1590 Regibus
944 1505 1182 1570 certior
1227 1514 1327 1568 est
1372 1525 1457 1568 ex
1499 1502 1999 1568 mansuetudine
2043 1505 2380 1570 securitas,

600 1606 857 1692 Regum
899 1605 1161 1672 fortuna
1206 1628 1393 1670 casus
1437 1605 1830 1692 praecipites
1874 1615 2064 1670 rotat.

601 1709 896 1796 Repente
941 1708 1130 1773 dives
1174 1731 1364 1774 nemo
1408 1708 1622 1772 factus
1670 1717 1768 1772 est
1814 1707 2044 1772 bonus.

440 1817 565 1876 330
607 1810 739 1875 Res
785 1813 1079 1898 inquieta
1124 1821 1222 1877 est
1265 1811 1336 1875 in
1378 1833 1449 1876 se
1493 1811 1702 1897 ipsam
1747 1809 2049 1874 felicitas,

604 1913 963 1977 Revertere
1007 1912 1181 1978 unde
1226 1915 1487 1978 veneris
1532 1911 1700 1977 nihil
1743 1933 1947 1996 grave
1993 1920 2111 1977 est,

602 2012 984 2079 Ridiculum
1029 2024 1126 2081 est
1170 2015 1323 2082 odio
1366 2015 1661 2080 nocentis
1707 2015 1982 2100 perdere
2027 2015 2485 2079 innocentiam.

604 2115 815 2204 Saepe
861 2117 1274 2184 dissimulare
1319 2140 1515 2205 quam
1557 2114 1790 2182 ulcisci
1834 2116 2038 2182 satius
2085 2115 2233 2182 fuit.

605 2218 813 2306 Saepe
857 2221 1122 2286 fortuna
1165 2221 1612 2303 innocentem,
1659 2241 2030 2306 numquam.
2057 2241 2206 2306 spes
2251 2218 2422 2284 bona
2467 2217 2743 2283 deserit.

432 2328 555 2386 335
606 2320 813 2409 Saepe
859 2321 1032 2388 oculi
1077 2331 1141 2388 et
1183 2345 1373 2389 aures
1420 2321 1606 2408 vulgi
1649 2330 1850 2386 testes
1897 2330 2048 2386 sunt
2093 2319 2269 2386 mali,
2807 2309 2820 2316 ⁴

604 2423 876 2512 Saepius
922 2423 1233 2508 locutum,
1279 2447 1634 2512 numquam
1677 2447 1781 2489 me
1826 2426 2111 2490 tacuisse
2156 2425 2466 2513 paenitet.

602 2526 773 2591 Salis
821 2526 1264 2593 absumendus
1310 2527 1590 2610 modiuS,
1637 2529 2017 2614 priusquam
2061 2525 2305 2592 habeas
2351 2526 2570 2591 fidem.

602 2629 875 2716 Sapiens
934 2632 1062 2696 etsi
1117 2638 1457 2695 contentus
1518 2638 1616 2693 est
1663 2652 1763 2713 se,
1821 2638 2039 2694 tamen
2093 2630 2376 2693 amicum
2431 2628 2576 2693 vult
2621 2629 2739 2693 ha—

1647 2732 1802 2797 bere
1848 2742 1912 2797 et
1958 2754 2019 2819 q.
2068 2755 2119 2797 s,

608 2832 883 2921 Sapiens
928 2831 1094 2898 nihil
1138 2833 1318 2917 facit,
1366 2833 1542 2921 quod
1582 2856 1716 2899 non
1761 2833 1974 2915 debet,
2023 2843 2088 2898 et
2129 2831 2297 2897 nihil
2327 2836 2741 2922 praetermit-

1651 2938 1751 3019 tit,
1800 2937 1976 3023 quod
2022 2935 2239 3001 debet.

414 3043 565 3109 ,340
610 3037 889 3103 Securus
934 3036 1093 3122 obit,
1141 3040 1253 3125 qui
1297 3040 1462 3103 vitia
1506 3060 1623 3104 sua
1665 3048 1818 3103 ante
1861 3037 2175 3103 immolat.

603 3267 725 3325 318
774 3269 857 3324 Gr
888 3266 943 3322 2.
977 3267 1127 3323 Caec.
1171 3267 1318 3323 Balb.
1364 3268 1506 3324 Mon.
1540 3267 1652 3339 28,
1690 3268 1762 3340 1,·
1799 3286 1893 3342 pg.
1929 3266 2006 3323 29
2183 3266 2302 3324 319
2349 3268 2418 3324 F.
2455 3267 2536 3322 Cf.
2568 3285 2739 3342 supra

428 3370 519 3428 pg.
558 3352 700 3425 101,
734 3352 813 3409 75
990 3352 1114 3411 320
1158 3354 1269 3426 Ρε,
1291 3353 1437 3410 Caec.
1472 3352 1615 3409 Balb.
1648 3354 1790 3409 Mon,
1825 3353 1882 3425 1,
1915 3352 1974 3424 2,
2005 3369 2096 3426 pg.
2130 3352 2206 3409 18
2239 3369 2360 3409 cum
2393 3352 2577 3408 adnot,

430 3437 548 3495 321
584 3436 683 3494 Ps.
802 3436 923 3495 322
958 3439 1055 3494 Ps.
1086 3438 1331 3494 Incertus
1360 3446 1524 3512 poeta
1556 3456 1638 3511 ap,
1673 3439 1797 3494 Sen.
1831 3439 1988 3511 epist.
2032 3436 2169 3507 108,
2206 3437 2280 3492 11
2393 3436 2516 3495 323
2548 3438 2648 3493 Ps,

432 3521 556 3579 324
603 3523 672 3577 F.
850 3522 972 3581 325
1022 3524 1123 3581 Gr,
1159 3540 1221 3579 ex
1251 3523 1419 3579 Palat,
1456 3523 1536 3577 Cf.
1571 3522 1694 3578 Sen.
1729 3524 1888 3597 epist,
1928 3522 2080 3593 100,
2118 3520 2217 3594 15,
2249 3531 2305 3577 et
2335 3538 2498 3595 supra
2527 3540 2576 3576 v.
2611 3522 2740 3579 248

602 3606 724 3665 326
775 3608 874 3664 G-o.
912 3609 1034 3665 Sen.
1080 3609 1146 3664 de
1178 3610 1333 3665 clem,
1370 3609 1400 3663 1
1423 3651 1439 3680 ,
1472 3608 1545 3681 4,
1580 3606 1614 3663 2
1660 3608 1785 3663 6011.
1816 3608 1977 3681 Verg.
2013 3607 2212 3680 Georg.
2247 3606 2319 3678 4,
2355 3607 2476 3664 213
2519 3614 2575 3661 et
2607 3608 2738 3664 Sen.

436 3695 597 3767 epist.
637 3693 777 3765 114,
812 3692 889 3749 23
958 3706 961 3710 ’
1066 3692 1187 3749 327
1238 3695 1348 3750 Ρη.
1382 3692 1504 3749 Scn,
1539 3693 1605 3748 de
1636 3692 1790 3749 clem.
1828 3694 1884 3764 1,
1918 3693 1978 3764 8,
2013 3691 2049 3748 6
2207 3691 2328 3749 328
2377 3693 2485 3748 Bo,
2518 3690 2740 3748 Menan-

432 3778 528 3833 der
556 3797 651 3852 pg.
685 3778 805 3835 333
838 3778 995 3835 Mein,
1172 3778 1291 3835 329
1338 3779 1435 3834 Ps.
1470 3778 1759 3834 Menander
1789 3784 2025 3833 monost.
2062 3777 2183 3835 688
2217 3765 2416 3844 οὐδεὶς
2447 3769 2739 3849 ἐπλούτη-

436 3876 537 3917 σεν
568 3857 783 3935 ταχέως
817 3858 1045 3931 δίκαιος
1078 3848 1180 3919 ὢν.
1378 3863 1503 3920 330
1547 3863 1645 3919 Ps.
1680 3863 1804 3921 Seu.
1839 3864 1998 3937 epist.
2031 3863 2132 3933 36,
2169 3863 2200 3917 1
2390 3861 2508 3919 331
2560 3862 2643 3918 Gr
2678 3863 2737 3919 2.

434 3946 560 4003 Sen,
594 3947 660 4003 de
693 3954 865 4021 tranq.
900 3966 983 4005 an.
1022 3948 1121 4020 11,
1152 3947 1191 4003 4
1364 3947 1486 4005 332
1535 3949 1604 4005 Ε.
1638 3947 1720 4004 Cf.
1753 3965 1916 4021 supra
1945 3966 2038 4022 pg.
2078 3947 2219 4019 105,
2251 3945 2330 4005 85
2461 3947 2583 4006 333
2629 3948 2734 4004 Ps.

436 4030 565 4087 Sen,
598 4030 666 4087 de
696 4034 773 4087 ira
807 4031 866 4102 2,
898 4034 1000 4105 33,
1038 4035 1069 4088 1
1246 4032 1367 4091 334
1416 4034 1501 4090 Gr
1533 4034 1586 4090 2.
1621 4032 1770 4091 Caec.
1803 4032 1950 4089 Balb.
1981 4033 2121 4088 Mon.
2159 4032 2261 4105 25,
2293 4032 2352 4103 3,
2384 4050 2478 4106 pg,
2511 4031 2589 4089 28

443 4115 564 4173 335
613 4117 713 4178 Ps,
748 4116 899 4173 Caec,
933 4117 1081 4177 Balb.
1109 4118 1250 4173 Mon.
1280 4118 1337 4190 1,
1364 4118 1467 4191 31,
1498 4136 1593 4193 pg.
1622 4118 1704 4176 20
1819 4118 1942 4175 336
1989 4118 2088 4174 Gr,
2115 4117 2264 4174 Caec.
2286 4116 2431 4173 Balh.
2455 4116 2597 4172 Mon.
2627 4116 2737 4192 26,

435 4203 465 4256 1
488 4244 505 4273 ,
537 4220 631 4276 pg.
668 4202 746 4259 28
964 4201 1086 4259 337
1134 4203 1241 4257 Bo,
1285 4202 1542 4259 Proverh,
1589 4221 1766 4278 graec.
1813 4220 1876 4259 ex
1917 4204 2142 4259 Aristot.
2191 4203 2304 4259 eth.
2339 4202 2451 4259 Nic.
2486 4202 2557 4273 8,
2595 4203 2664 4273 3,
2693 4205 2734 4261 8

636 4286 757 4345 338
807 4287 906 4344 Go,
956 4286 1078 4343 Seu,
1126 4287 1283 4360 epist,
1329 4288 1398 4359 9,
1430 4287 1469 4345 8
1684 4288 1804 4346 339
1853 4288 1953 4344 Go,
1997 4287 2125 4344 Sen,
2173 4288 2240 4343 de
2279 4288 2436 4344 clem.
2484 4286 2553 4361 2,
2586 4288 2657 4359 7,
2700 4290 2732 4345 1
