2917 4950
448 281 532 349 58
836 289 842 294 ’
1314 293 1862 344 Hermonem.

456 474 582 540 quo
645 473 864 538 errore
906 450 1247 517 inductum
1289 451 1634 538 scripsisse
1668 451 1814 532 pati
1854 470 1975 537 pro
2020 469 2095 512 eo
2108 497 2128 531 ,
2186 446 2363 534 quod
2407 446 2475 510 in
2517 445 2739 511 arche-

399 569 404 574 '
453 564 616 644 typo
661 557 1020 632 invenerat,
1064 554 1286 635 faeere.

619 655 972 721 (laesuram
1027 664 1174 741 post
1230 655 1498 720 tertium
1552 655 1875 738 iambum,
1932 675 2058 740 qua
2112 652 2351 716 senarii
2410 650 2743 715 dimidiati

449 753 927 838 dissoliruntur,
995 755 1194 841 vulgo
1263 756 1562 821 damnari
1626 757 1735 822 vel
1793 767 1965 821 certe
2033 754 2391 841 vituperari
2447 762 2733 818 constat:

449 882 614 948 quae
658 862 823 925 ratio
871 881 1063 946 saepe
1107 859 1499 924 emendandi
1543 858 1891 924 consilium
1924 859 2073 922 aliis
2105 879 2190 922 ex
2220 857 2429 922 causis
2462 855 2743 942 petitum

449 963 878 1029 confirmavit.
968 961 1070 1026 Cf.
1103 984 1168 1026 ν.
1200 962 1302 1026 68.
1341 962 1481 1026 132.
1519 962 1658 1026 143.
1734 960 1817 1024 V.
1850 961 1972 1024 601
2020 982 2150 1025 non
2192 957 2741 1045 acquiescendum

451 1056 588 1130 erat
633 1065 702 1128 in
746 1066 1150 1130 coniectura:

792 1225 919 1284 Sibe:
961 1207 1075 1298 {pst
1115 1225 1479 1296 suppliciam,
1520 1219 1529 1300 Ι
1568 1240 1736 1296 quem
1777 1223 2019 1280 admissi
2052 1223 2328 1294 paenitet,

449 1373 565 1436 sed
620 1372 1016 1468 transposito
1070 1365 1449 1458 pronomine
1495 1367 1772 1433 relativo
1819 1367 2181 1454 elegantiae
2228 1389 2453 1432 versus
2500 1387 2735 1430 consu-

447 1471 733 1537 lendum.
823 1461 1049 1560 Neque
1104 1483 1321 1538 tamen
1364 1481 1437 1536 ut
1491 1472 1652 1535 haec
1697 1493 1964 1535 caesura
2007 1471 2275 1564 ubique
2295 1478 2748 1533 removeretur

450 1575 744 1659 contigit.
835 1574 934 1640 Cf.
983 1597 1046 1637 v.
1101 1577 1196 1640 15.
1244 1576 1346 1640 60.
1399 1573 1540 1638 192.
1586 1553 1733 1639 361.
1778 1575 1924 1641 491.
1968 1573 2096 1638 542
2128 1584 2192 1638 et
2235 1594 2298 1636 v.
2330 1572 2476 1636 200.
2572 1570 2745 1635 Con-

455 1679 654 1740 trario
719 1678 913 1741 modo
981 1678 1050 1740 in
1115 1677 1513 1741 tetrametris
1580 1676 1963 1760 trochaicis,
2032 1676 2089 1740 si
2153 1671 2265 1762 qui
2332 1674 2748 1738 coniecturae

455 1802 574 1865 ope
619 1779 1040 1864 indigebant,
1103 1801 1368 1865 operam
1413 1777 1748 1862 dedimuS,
1795 1788 1867 1842 ut
1913 1800 2180 1841 caesura
2226 1785 2399 1840 esset
2443 1775 2746 1860 legitimo

449 1880 612 1964 loco,
661 1880 730 1944 id
776 1891 874 1944 est
918 1889 1066 1968 post
1110 1880 1343 1967 pedem
1388 1891 1712 1967 quartum.
1801 1881 1907 1945 Of.
1954 1903 2017 1944 v.
2056 1880 2197 1944 126.
2235 1879 2376 1944 155.
2408 1878 2553 1942 381.
2590 1878 2742 1941 479.

452 1983 597 2046 635.
645 1983 847 2067 (638).

620 2085 688 2169 3)
736 2084 1125 2172 Priusquam
1183 2083 1276 2148 de
1339 2107 1699 2150 sermone
1753 2082 2097 2149 Publilii
2155 2083 2486 2166 dicamus,
2552 2079 2747 2145 refel-

452 2184 641 2249 lenda
687 2195 785 2250 est
830 2187 1233 2272 quorundam
1278 2187 1529 2274 opini0,
1588 2188 1701 2273 qui
1720 2188 1915 2251 -hunc
1970 2195 2229 2273 poetam
2274 2209 2383 2251 ore
2429 2185 2743 2248 Enniano

455 2285 560 2350 vel
591 2286 894 2353 Plautino
940 2287 1227 2352 locutum
1274 2312 1417 2354 esse
1464 2289 1593 2354 sibi
1622 2289 1898 2376 aliisque
1930 2298 2419 2374 persuaserunt:
2467 2289 2746 2352 circum-

452 2389 750 2452 feruntur
796 2392 969 2454 enim
1015 2391 1082 2454 in
1128 2391 1525 2456 editionibus
1572 2391 1814 2456 multae
1858 2391 2103 2457 formae
2132 2392 2553 2479 antiquioreS,
2605 2393 2745 2479 qui-

453 2493 573 2556 bus
621 2492 1051 2556 Ciceroniana
1093 2504 1273 2559 aetas
1319 2491 1649 2559 abstinere
1695 2495 2105 2576 adsueverat,
2152 2496 2271 2559 siet
2310 2516 2374 2556 v.
2411 2493 2555 2558 396.
2592 2495 2745 2574 430,

412 2580 677 2676 'possiet
718 2595 873 2674 379,
921 2597 1093 2678 potis
1135 2601 1224 2661 est
1275 2597 1400 2661 656
1416 2646 1434 2679 ,
1482 2599 1717 2661 eredier
1759 2596 1875 2679 27,
1934 2598 2324 2661 dominarier
2366 2596 2527 2677 213,
2590 2598 2747 2661 obli-

452 2698 673 2761 viscier
716 2697 871 2777 305,
927 2700 1235 2763 mutarier
1279 2698 1434 2781 3793
1495 2721 1557 2762 v.
1605 2699 1732 2763 230
1774 2704 1997 2763 causat
2047 2719 2163 2784 pro
2210 2702 2511 2762 causatur
2568 2699 2747 2783 posi-

452 2807 590 2862 tum
635 2797 919 2863 Publilio
966 2799 1322 2887 imputavit
1364 2800 1799 2882 Ribbeekius,
1849 2822 1912 2864 v.
1944 2800 2068 2864 347
2114 2805 2248 2864 tam
2293 2821 2368 2862 ea
2413 2798 2747 2883 significa-

453 2901 662 2981 tione,
719 2910 793 2964 ut
848 2899 1023 2964 idem
1083 2899 1297 2965 valeat
1341 2903 1516 2989 quod
1562 2909 1798 2983 tamen,
1856 2901 2131 2966 Bothius
2174 2899 2399 2965 addito
2457 2905 2750 2965 ‘versum

456 3024 598 3066 esse
643 3001 919 3066 alicuius
953 3024 1036 3065 ex
1077 3004 1591 3068 vetustioribus'.
1682 3004 1813 3069 Sed
1846 3002 2037 3068 valde
2071 3001 2421 3069 dolendum
2450 3001 2751 3066 absoleta

456 3102 570 3166 illa
613 3126 934 3189 nusquam
979 3102 1112 3188 legi
1156 3105 1227 3168 in
1271 3104 1642 3189 codicibus,
1691 3107 1822 3171 nisi
1864 3106 2034 3171 forte
2076 3090 2143 3169 ir.
2189 3106 2270 3170 27
2316 3106 2388 3168 in
2430 3103 2750 3169 librorum

456 3204 897 3291 discrepantia
941 3208 1182 3271 eredere
1227 3218 1291 3272 et
1335 3210 1504 3272 credi
1546 3209 1832 3292 vestigia
1876 3207 2079 3272 latent
2123 3207 2434 3272 infinitivi
2474 3208 2750 3285 erectim,-

452 3306 674 3392 itaque
733 3308 950 3392 prisca
1007 3310 1322 3373 sermonis
1396 3318 1689 3385 vetustas
1749 3308 2107 3375 editoribus
2169 3308 2470 3372 ultimum
2526 3312 2748 3393 potius

453 3406 782 3492 refugium
828 3408 1030 3474 fuisse
1076 3410 1372 3495 videtur,
1421 3412 1720 3498 quotiens
1764 3422 1837 3476 ut
1879 3410 2071 3474 aliter
2115 3433 2199 3474 ex
2244 3408 2749 3475 difficultatibus

453 3531 522 3573 se
567 3510 953 3596 expedirent
1006 3534 1136 3576 non
1184 3514 1483 3597 contigit.
1574 3512 1763 3593 Quae
1806 3535 1876 3577 re
1922 3534 2079 3575 vera
2128 3513 2539 3599 antiquitatis
2586 3512 2747 3575 ima-

453 3613 673 3697 ginem
729 3612 1046 3697 referant,
1107 3637 1314 3700 pauca
1367 3615 1718 3679 admodum
1764 3624 1945 3699 sunt3
2009 3637 2072 3677 v.
2120 3614 2247 3677 434
2292 3615 2563 3691 addecet,
2620 3614 2789 3677 624.

451 3708 578 3793 sat,
635 3714 758 3777 411
795 3737 1053 3798 perpes,
1108 3726 1173 3779 et
1217 3717 1432 3803 ipsum
1478 3717 1742 3803 quidem
1789 3718 2159 3781 coniectura
2206 3715 2579 3796 inductum,
2628 3714 2748 3779 sed

453 3818 822 3895 necessaria
867 3818 949 3882 ob
993 3827 1302 3901 metrum3
1347 3808 1597 3905 pariter
1641 3841 1819 3901 maye
1864 3829 1927 3882 et
1957 3824 2105 3901 pote
2144 3819 2212 3881 in
2243 3816 2580 3909 codicibus
2611 3815 2746 3902 ple-

451 3938 723 4003 rumque
767 3930 1072 4006 corrupta
1113 3921 1185 3983 in
1227 3923 1433 4002 mayis
1478 3931 1542 3985 et
1574 3926 1809 4005 potest,
1841 3942 1880 3984 a
1924 3929 2129 3984 metro
2174 3918 2533 3982 firmantur.

624 4018 718 4083 Ut
761 4029 978 4083 autem
1022 4020 1105 4085 ab
1152 4022 1461 4086 obsoletis
1507 4022 1858 4105 abstinuit,
1918 4024 2044 4105 ita,
2101 4022 2168 4085 in
2217 4020 2558 4086 sententiis
2606 4021 2744 4107 qui-

456 4118 634 4200 dem,
692 4142 732 4183 a
784 4122 1106 4185 novandis
1162 4145 1418 4209 quoque
1472 4124 1715 4189 verbiS.
1802 4125 1910 4189 Ad
1968 4122 2325 4189 ornandam
2380 4123 2739 4187 orationem

454 4244 586 4286 non
630 4223 724 4287 ita
766 4222 1143 4309 frequenter
1185 4247 1341 4288 usus
1390 4234 1489 4289 est
1532 4224 2015 4309 allitteratione,
2072 4247 2135 4288 v.
2181 4225 2307 4289 246
2347 4225 2533 4306 fortis
2570 4224 2745 4305 felix,

453 4324 583 4393 494
623 4325 793 4414 flecto
832 4326 1094 4413 sran90‚
1141 4326 1265 4392 668
1310 4328 1486 4396 dolor
1528 4329 1848 4409 damnum,
1894 4348 2216 4416 nusquam
2257 4325 2731 4392 homoeoteleu-
