2917 4950
456 286 539 352 88
1085 299 1392 348 Pussmnn
1438 300 1516 348 εγ
1527 299 1595 344 81
1641 296 2102 346 sumamma.

624 454 820 538 Mage
864 452 1060 533 valet,
1108 451 1221 538 qui
1264 451 1474 514 nescit
1520 448 1692 536 quod
1739 448 2076 515 calamitas
2123 448 2314 514 valet.

624 555 809 620 Mora
852 552 1269 639 cogitationis
1315 550 1663 636 diligentia
1709 561 1828 616 est.

457 665 581 726 350
622 654 833 720 Multa
877 654 1274 740 ignoscendo
1318 653 1391 718 fit
1436 663 1668 741 potens
1713 655 2063 740 potentior.

624 756 847 824 Multis
893 756 1149 845 placere
1193 777 1360 842 quae
1404 756 1604 841 cupit,
1652 755 1908 842 culpam
1952 756 2154 842 cupit.

622 859 967 926 Minimum
1012 859 1207 945 eripit
1249 857 1534 940 fortuna,
1582 859 1688 922 cui
1731 858 2072 924 minimum
2117 857 2320 924 dedit.

622 962 943 1026 Meretrix
986 975 1084 1024 est
1127 961 1636 1025 instrumentum
1679 958 2129 1025 contumeliae.

625 1061 839 1127 Malus
886 1062 1127 1127 bonum
1172 1061 1259 1128 ad
1303 1084 1375 1127 se
1419 1085 1770 1149 numquam
1817 1060 2159 1126 consilium
2205 1063 2421 1129 refert.

457 1174 580 1232 355
625 1164 981 1230 Manifesta
1025 1185 1219 1228 causa
1262 1185 1481 1228 secum
1527 1151 1726 1232 habet
1771 1165 2182 1230 sententiam.

623 1266 981 1333 Multorum
1026 1263 1381 1330 calamitati
1425 1267 1532 1330 vir
1575 1266 1848 1332 moritur
1892 1266 2123 1331 bonus.

622 1368 839 1434 Metus
885 1370 1214 1454 improbos
1260 1369 1635 1454 compescit,
1681 1391 1813 1433 non
1857 1367 2220 1434 clementia.

621 1471 1036 1557 (Muneribus
1081 1492 1211 1534 non
1253 1468 1541 1534 lacrimis
1587 1472 1896 1536 meretrix
1942 1480 2042 1535 est
2085 1473 2506 1558 misericors)

622 1571 1081 1659 (Metuendum
1124 1595 1380 1659 semper
1424 1594 1568 1637 esse
1611 1574 1805 1657 scias,
1853 1594 2046 1660 quem
2089 1582 2304 1638 tutum
2348 1574 2572 1660 velis.)

453 1684 577 1743 360
620 1674 799 1739 Mors
844 1673 1087 1740 infanti
1130 1674 1314 1758 felix,
1364 1675 1591 1740 iuveni
1635 1674 1896 1752 acerba,
1943 1697 2088 1740 sera
2131 1677 2326 1742 nimis
2372 1677 2536 1742 seni.

624 1775 869 1842 Malam
910 1799 1051 1841 rem
1095 1800 1243 1842 cum
1287 1775 1476 1860 velie,
1523 1776 1930 1842 honestatem
1971 1778 2322 1864 improbes.
2411 1785 2430 1792 ‘

623 1878 873 1944 Malum
919 1887 1019 1943 est
1065 1879 1427 1962 consilium,
1476 1879 1650 1965 quod
1693 1881 1932 1944 mutari
1974 1902 2105 1944 non
2149 1890 2383 1966 potest.

626 1980 883 2045 Malitia
926 1981 1119 2045 unius
1166 1981 1295 2044 cito
1340 1981 1413 2045 fit
1458 1979 1880 2045 maledictum
1925 1982 2235 2046 omnium.

624 2084 903 2149 Mortem
946 2082 1062 2147 ubi
1108 2091 1507 2164 contemnaS,
1553 2104 1774 2147 omnes
1821 2083 2060 2148 viceris
2105 2094 2341 2149 metus.

458 2193 580 2251 365
625 2185 873 2249 Misera
918 2192 1017 2248 est
1060 2183 1382 2271 voluptaS,
1434 2184 1550 2249 ubi
1595 2184 1825 2272 pericli
1869 2187 2180 2252 memoria
2226 2195 2344 2251 est.

624 2285 799 2350 Male
844 2287 1053 2350 vincit
1097 2286 1177 2367 is,
1225 2308 1416 2372 quem
1461 2287 1752 2372 paenitet
1789 2287 2125 2353 victoriae.

459 2602 723 2645 comens
768 2605 817 2641 v.
855 2583 1221 2642 341-3762
1267 2580 1452 2655 F(T)

629 2721 951 2795 348-mage
983 2721 1227 2776 Gruter.-
1258 2720 1426 2793 magis
1462 2722 1520 2776 F
1709 2719 1853 2794 quod
1883 2722 1964 2776 F.-
2009 2721 2138 2795 quid
2171 2725 2420 2779 editores
2598 2718 2633 2756 '¹‘
2677 2742 2764 2781 ca-

460 2808 671 2864 lamitas
704 2807 868 2863 valet:
917 2824 962 2860 v.
991 2823 1035 2861 c.
1068 2807 1153 2875 F,
1196 2821 1242 2860 c.
1278 2803 1407 2878 quid
1450 2823 1500 2861 v.
1537 2806 1772 2876 Gruter,
1818 2806 1945 2879 quid
1988 2807 2156 2863 valeat
2199 2808 2466 2864 calamitas
2499 2808 2766 2885 Maehly.

464 2894 554 2966 Cf.
592 2911 691 2967 pq.
731 2891 811 2948 54
1027 2888 1147 2946 349
1196 2889 1285 2961 Cf.
1332 2908 1383 2946 v.
1430 2890 1553 2947 311
1781 2888 2080 2947 diffidentia
2123 2897 2268 2949 coni.
2317 2894 2532 2950 Gruter

464 2978 588 3035 350
631 2980 816 3033 Aliter
855 2996 907 3033 v.
954 2973 1094 3032 394.
1141 2973 1282 3031 528.
1326 2974 1467 3031 535.
1513 2974 1656 3032 592.
1704 2974 1824 3032 645
2041 2976 2158 3033 351
2213 2976 2302 3049 Cf.
2351 2998 2399 3035 υ.
2445 2977 2585 3036 340.
2628 2979 2763 3038 532

596 3062 743 3135 culp.
778 3062 929 3133 cupit
961 3062 1045 3117 ed.
1084 3059 1247 3131 Bip..·
1294 3076 1338 3114 c.
1372 3062 1515 3133 capit
1543 3062 1602 3117 F
1711 3060 1832 3118 352
1880 3061 2104 3118 Seneca
2136 3067 2301 3134 epist.
2337 3063 2438 3135 59,
2475 3063 2550 3120 1-3
2584 3062 2765 3137 ‘quod

462 3164 573 3203 uon
620 3145 769 3201 dedit
810 3145 1059 3215 fortuna,
1100 3160 1211 3199 non
1253 3144 1453 3217 eripit'.
1498 3148 1568 3201 de
1609 3153 1788 3202 const.
1823 3162 1951 3219 sap.
1986 3146 2055 3219 5,
2089 3145 2128 3201 4
2171 3147 2267 3203 ‘nil
2313 3150 2471 3222 eripit
2509 3147 2762 3223 fortuna,

464 3233 567 3287 nisi
609 3230 759 3304 quod
801 3229 991 3286 dedit'.
1167 3230 1253 3285 cui
1284 3230 1617 3286 Bentleius:
1660 3246 1781 3285 cum
1811 3232 1868 3285 F
2033 3231 2155 3288 353
2203 3241 2286 3289 est
2317 3234 2473 3289 instr.
2511 3233 2764 3290 Gruter.-

462 3320 621 3375 instr.
656 3322 740 3371 est
772 3316 830 3369 F
1024 3314 1146 3372 356
1194 3313 1478 3369 calamitati
1509 3315 1890 3373 Ribbeckius:
1936 3316 2236 3373 calamitate
2267 3320 2324 3373 F
2489 3317 2611 3375 357
2659 3320 2760 3392 Cf.

466 3421 514 3459 v.
548 3399 691 3457 494.
727 3400 849 3457 553
1050 3400 1173 3458 358
1222 3399 1307 3472 Cf.
1336 3418 1434 3473 pq.
1471 3400 1568 3458 56.
1665 3398 1950 3458 Creticum
1991 3403 2290 3459 dimetrum
2331 3406 2467 3459 dicit
2500 3402 2761 3476 Spenqe-

462 3490 578 3543 lius
616 3489 675 3541 in
719 3487 930 3542 Caecil.
964 3504 1030 3557 p.
1068 3487 1136 3556 7,
1180 3484 1493 3541 muneribus
1537 3486 1792 3541 meretrix
1837 3486 2107 3560 tangitur,
2153 3504 2263 3544 non
2305 3488 2535 3544 lacrimis
2566 3488 2764 3546 Bothe
2868 3513 2882 3527 ⁸

634 3569 755 3628 359
805 3571 894 3643 Cf.
930 3590 980 3627 v.
1015 3572 1072 3628 9.
1111 3570 1245 3626 116.
1281 3569 1403 3627 519
1577 3570 1924 3627 Metuendum
1969 3588 2182 3646 semper
2211 3581 2295 3629 est
2325 3574 2409 3644 ei,
2453 3572 2599 3646 quod
2625 3581 2666 3629 t.
2705 3593 2759 3632 v.

468 3659 687 3714 Gruter
869 3656 994 3713 360
1039 3656 1293 3713 Sentent.
1345 3656 1486 3727 Rufi
1537 3656 1590 3727 (e
1633 3657 1757 3712 cod.
1800 3658 1992 3713 Paris.
2043 3659 2142 3734 lat.
2187 3656 2384 3727 4841,
2439 3674 2595 3714 saec.
2638 3659 2764 3729 IX)

464 3740 630 3799 ‘Mors
662 3742 792 3798 forti
824 3739 989 3813 leviS,
1032 3741 1284 3797 servienti
1328 3747 1543 3813 optata,
1591 3739 1834 3796 obtabilis
1866 3743 2154 3797 inmatura’
2205 3741 2349 3814 (cod.
2383 3744 2759 3815 inmutatum).

634 3844 754 3883 sera
802 3827 957 3882 nimis
1003 3827 1247 3882 Gruter.-
1292 3826 1449 3879 nimis
1493 3841 1612 3880 sera
1650 3825 1708 3880 F
1887 3825 2008 3884 362
2058 3828 2274 3884 Gellius
2317 3828 2427 3899 17,
2464 3827 2576 3899 14,
2617 3830 2756 3885 Joa.

466 3912 697 3989 Saresb.
730 3913 944 3968 Policr.
980 3913 1040 3982 8,
1078 3910 1173 3981 14,
1209 3909 1254 3966 0
1421 3910 1544 3966 363
1592 3910 1725 3967 Sen.
1758 3912 2016 3968 Phaedr.
2047 3911 2168 3969 573
2201 3911 2306 3984 (=
2337 3914 2577 3985 Hippot.
2603 3913 2752 3990 563)

467 3993 597 4050 ‘Cur
639 3997 876 4051 omnium
908 3995 969 4051 fit
1000 3994 1155 4071 culpa
1186 4011 1475 4069 paucarum
1505 3994 1744 4051 scelus?'
1947 3996 2069 4054 364
2117 3997 2206 4069 Cf.
2244 3997 2364 4055 205
2567 4015 2756 4055 omnes

467 4099 517 4136 v.
551 4097 621 4135 m.
651 4080 887 4153 Inyolst.
922 4097 991 4135 m.
1024 4099 1072 4137 v.
1106 4098 1157 4137 o.
1194 4082 1264 4150 F,
1298 4099 1345 4135 v.
1380 4097 1429 4135 ο.
1464 4097 1532 4136 m.
1569 4080 1756 4138 Bothe
1956 4082 2077 4139 365
2128 4080 2213 4156 Cf.
2249 4082 2367 4140 521
2565 4085 2756 4157 pericli

469 4166 709 4239 Inqolst.
743 4163 971 4236 periculi
1001 4166 1058 4219 F
1224 4165 1345 4222 366
1390 4166 1434 4219 is
1481 4181 1640 4237 quem
1683 4165 1784 4239 (cf.
1819 4185 1868 4223 v.
1903 4167 2005 4235 82,
2039 4165 2181 4239 174)
2215 4168 2458 4225 Gruter.-
2489 4184 2650 4241 quem
2683 4171 2755 4237 F,

465 4250 729 4322 fortasse
769 4264 930 4322 quem
972 4257 1099 4323 post
1142 4252 1215 4306 elz
1262 4267 1310 4305 v.
1360 4249 1499 4305 111.
1539 4249 1677 4307 196.
1714 4251 1866 4323 271,
1910 4268 2068 4325 quem
2109 4257 2235 4309 mox
2275 4255 2574 4317 Halmius,·
2618 4254 2756 4310 male

470 4336 634 4390 vincit
664 4333 966 4405 audaciam,
1001 4352 1162 4407 quem
1191 4334 1435 4406 poenitet
1468 4335 1690 4391 victoria
1726 4337 1776 4391 T
