2917 4950
480 293 603 358 120
1266 311 1706 358 SENTENTIAE
1751 311 1973 360 FALso

639 463 890 528 Auctor
933 463 1141 528 malus
1187 463 1294 526 vel
1336 485 1475 526 rem
1524 464 1758 529 bonam
1801 474 2058 552 turpem
2101 465 2282 529 facit.

638 565 974 630 Audacter
1030 575 1377 630 veteranus
1435 588 1732 631 cruorem
1789 574 2124 654 expectat,
2182 567 2292 653 qui
2339 570 2463 632 scit
2509 591 2582 634 se
2626 593 2792 634 sae-

704 657 711 662 ’
1565 669 1835 754 pissime
1878 668 2120 732 vicisse
2164 678 2312 755 post
2356 672 2791 756 sanguinem.

639 768 965 835 Audendo
1010 769 1220 834 virtus
1267 771 1524 853 crescit,
1570 768 1890 835 tardando
1936 771 2149 834 timor.

513 877 598 938 40
640 871 890 936 Audire
933 870 1122 936 malis
1169 892 1363 957 quam
1406 868 1586 958 loqui
1631 870 1965 936 libentius.

640 972 911 1038 Auferri
957 982 1022 1037 et
1065 971 1253 1056 illud,
1301 972 1475 1060 quod
1520 972 1664 1036 dari
1707 974 1943 1060 potuit,
1989 982 2225 1060 potest.

641 1075 1092 1142 Avidissimus
1139 1075 1416 1162 quisque
1463 1083 1562 1138 est
1608 1076 2152 1160 egestosissimus.

640 1176 1001 1264 A(vi)gilia
1044 1187 1196 1243 sunt
1238 1177 1532 1242 membra
1577 1177 1975 1245 cursoribus.

641 1277 977 1344 Auloedus
1022 1279 1159 1363 fiat,
1207 1279 1319 1366 qui
1364 1300 1510 1342 esse
1555 1278 1967 1344 citharoedus
2011 1282 2259 1368 nequit.-

514 1387 595 1446 45
640 1382 822 1446 Auro
868 1380 1183 1447 suadente
1226 1380 1319 1445 nil
1364 1389 1582 1468 potest
1625 1383 1854 1446 oratio.

640 1484 779 1548 Aut
820 1504 1087 1548 necesse
1132 1492 1231 1549 est
1274 1484 1491 1570 ipsum
1535 1491 1603 1548 te
1646 1483 1848 1547 vilem
1889 1482 2132 1548 habeas
2177 1493 2291 1550 aut
2334 1486 2707 1572 pecuniam.

639 1584 823 1651 Bello
866 1585 1149 1672 gladius»,
1196 1583 1502 1674 voluptas
1547 1608 1709 1672 pace
1754 1584 2076 1652 vulnerat.

639 1687 1012 1753 Benefactis
1057 1689 1354 1776 proxime
1398 1686 1484 1752 ad
1529 1687 1684 1753 deos
1730 1687 2128 1753 accedimus

640 1790 958 1855 Beneficii
1000 1811 1375 1876 numquam,
1422 1791 1553 1854 cito
1600 1789 1739 1853 dati
1783 1788 2196 1855 obliviscere.

514 1898 597 1958 50
639 1891 1039 1956 Beneficium
1085 1891 1382 1957 celeritas
1428 1893 1677 1977 gratius
1724 1891 1906 1957 facit.

644 1993 1047 2058 Beneficium
1093 1995 1313 2079 egenti
1355 1992 1462 2057 bis
1510 1992 1642 2076 dat,
1692 1995 1806 2080 qui
1850 1993 1963 2059 dat
1987 1993 2327 2070 ‚celeriten

640 2095 1039 2161 Beneficium
1086 2104 1185 2161 est
1228 2116 1451 2160 carere
1496 2117 1594 2180 e0,
1640 2096 1890 2161 invitus
1937 2095 2112 2184 quod
2155 2097 2515 2185 possideas.

640 2197 1039 2263 Beneficium
1084 2208 1185 2262 est
1228 2219 1486 2285 semper
1527 2198 1803 2263 reddere
1845 2198 2158 2264 bonitatis
2205 2201 2427 2266 verba.

640 2299 810 2364 Boni
853 2321 1063 2364 mores
1112 2300 1242 2385 sibi
1286 2322 1543 2388 semper
1586 2300 1916 2387 placentes
1961 2312 2363 2389 permanent.

518 2408 597 2467 55
643 2401 843 2468 Bonis
889 2411 1099 2485 nocet,
1149 2403 1446 2491 quisquis
1492 2404 1855 2492 pepercerit
1898 2401 2110 2470 malis.

641 2506 826 2572 Bono
870 2504 1162 2571 iustitiae
1204 2506 1508 2593 proxima
1554 2515 1653 2570 est
1697 2508 2036 2571 severitas

644 2607 973 2673 Bonorum
1017 2606 1188 2673 ultro
1232 2607 1318 2671 ad
1364 2598 1677 2671 convivia'
1715 2608 2033 2675 accedunt
2077 2608 2253 2674 boni.

643 2711 895 2775 Bonum
943 2718 1041 2774 est
1087 2709 1339 2775 duabus
1386 2710 1641 2774 ancoris
1688 2711 1823 2775 niti
1856 2720 2084 2775 ratem.

646 2811 865 2876 Bonus
911 2814 1165 2876 animus
1210 2813 1281 2876 in
1325 2810 1496 2875 mala
1537 2833 1611 2876 re
1654 2810 2000 2877 dimidium
2047 2822 2144 2877 est
2189 2813 2362 2879 mali.

522 2922 604 2979 60
646 2914 868 2979 Bonus
915 2936 1058 2979 esse
1103 2936 1232 2979 non
1276 2923 1492 3001 potest
1536 2912 1685 2979 aliis
1729 2914 1936 2979 malus
1986 2914 2135 2980 sibi.

648 3160 727 3217 37
777 3160 859 3216 Gr
890 3158 945 3215 2.
981 3157 1133 3217 Caec.
1164 3158 1308 3213 Balb.
1341 3158 1485 3216 Mon.
1519 3158 1620 3233 22,
1657 3159 1716 3231 5,
1747 3178 1840 3235 pg.
1875 3160 1954 3218 27
2126 3160 2205 3218 38
2251 3162 2325 3218 R.
2357 3160 2480 3217 Seu.
2515 3160 2583 3217 de
2611 3172 2790 3235 prov.

476 3245 538 3319 4,
573 3247 608 3303 7
770 3244 847 3302 39
893 3244 993 3300 Ps.
1027 3242 1179 3299 Caec.
1211 3242 1357 3299 Balb.
1389 3244 1532 3300 Mon.
1569 3246 1628 3318 8,
1662 3245 1722 3317 3,
1753 3263 1846 3320 pg.
1883 3246 1961 3301 21
2088 3242 2205 3304 40
2251 3247 2333 3303 Gr
2365 3245 2418 3301 2.
2453 3245 2544 3303 De
2555 3263 2698 3304 mor.
2739 3250 2785 3306 9

646 3330 724 3386 41
774 3330 899 3387 Sen.
944 3330 1103 3404 epist.
1139 3328 1208 3401 8,
1245 3329 1324 3386 10
1352 3329 1478 3385 coll.
1514 3329 1626 3403 59,
1663 3330 1740 3387 18
1931 3328 2012 3386 42
2065 3330 2146 3387 Gr
2177 3330 2232 3388 2.
2265 3330 2414 3387 Caec.
2448 3330 2591 3388 Balb.
2623 3326 2787 3390 Mon.

480 3416 594 3488 12,
627 3415 691 3487 2,
726 3432 820 3489 pg.
857 3414 935 3473 23
1120 3413 1200 3471 43
1248 3414 1320 3471 R.
1357 3417 1449 3489 qui
1479 3432 1583 3471 scr.
1610 3374 1878 3490 'Aviqilim
1942 3416 2068 3472 Sen.
2102 3416 2168 3473 de
2196 3434 2349 3491 prov.
2384 3415 2456 3488 4,
2492 3416 2587 3473 13.

476 3500 560 3556 44
605 3502 713 3558 Bo.
746 3498 850 3556 Cic.
882 3516 983 3574 pro
1015 3499 1151 3555 Mur.
1191 3500 1301 3572 13,
1335 3499 1434 3557 29.
1471 3499 1692 3569 Quintil.
1729 3500 1798 3573 8,
1833 3500 1904 3575 3,
1939 3501 2016 3557 79
2190 3500 2271 3559 45
2319 3502 2427 3559 Bo,
2462 3500 2537 3556 Ex
2564 3500 2788 3561 Erasmi

478 3586 648 3661 Adag.
682 3581 930 3657 Χρυσοῦ
970 3580 1291 3653 λαλοῦντος
1332 3581 1447 3654 πᾶς
1488 3570 1861 3658 ἆπρακτείτω
1893 3578 2074 3661 λόγος
2272 3585 2353 3642 46
2403 3588 2485 3643 Gr
2516 3586 2571 3641 2.
2609 3586 2773 3645 Caec.

476 3671 620 3727 Balb.
653 3671 794 3727 Mon.
825 3669 929 3743 48,
967 3669 1063 3742 13,
1095 3688 1185 3744 pg.
1221 3670 1301 3727 35
1475 3670 1556 3727 47
1604 3671 1688 3728 Gr
1718 3669 1776 3727 2.
1807 3670 1958 3727 Caec.
1991 3670 2139 3727 Balb.
2176 3670 2316 3727 Mon.
2340 3670 2443 3744 40,
2469 3670 2529 3744 4,
2559 3690 2651 3745 pg.
2686 3672 2774 3731 33

648 3756 728 3814 48
776 3756 884 3812 Bo.
916 3754 989 3811 De
1018 3772 1156 3811 mor.
1189 3755 1290 3812 47.
1324 3756 1451 3812 Seu.
1485 3756 1552 3825 de
1581 3755 1756 3813 benef.
1789 3756 1849 3829 3,
1885 3756 1984 3829 15,
2026 3755 2066 3811 4
2266 3754 2346 3812 49
2395 3757 2496 3813 Gr.
2529 3754 2602 3812 De
2631 3761 2779 3814 mori

481 3841 557 3898 67
761 3840 843 3899 50
889 3842 974 3898 Gr
1003 3840 1064 3899 2.
1093 3839 1243 3897 Caec.
1288 3840 1433 3899 Balb.
1464 3840 1602 3897 Mon.
1640 3839 1751 3913 14,
1787 3840 1856 3914 5,
1900 3860 1993 3916 pg.
2029 3840 2108 3896 24
2310 3839 2386 3897 51
2435 3842 2544 3898 Bo.
2579 3840 2699 3896 Var.
2733 3844 2775 3898 l.

479 3924 633 3981 Puhl.
667 3933 809 3983 sent.
842 3924 998 3999 235,
1030 3943 1193 4000 supra
1224 3944 1315 4000 pg.
1349 3926 1425 3983 81
1631 3924 1710 3982 52
1760 3927 1859 3983 Go.
2063 3924 2143 3983 53
2195 3926 2290 3983 oo.
2323 3926 2656 3983 Penthaleon
2687 3944 2780 3983 re-

480 4010 647 4065 ctius:
699 4010 923 4067 Bonum
954 4018 1040 4067 est
1068 4013 1314 4069 reddere
1344 4012 1496 4069 bona
1527 4012 1704 4069 verba
1737 4016 1792 4067 et
1820 4015 2065 4068 inimicis
2224 4009 2304 4068 54
2351 4012 2418 4081 Q.
2452 4010 2576 4067 Scn.
2610 4013 2771 4084 epist.

475 4094 579 4166 47,
613 4093 691 4149 21
820 4094 899 4151 55
947 4096 1017 4151 Ε.
1052 4094 1123 4151 De
1154 4113 1289 4152 mor.
1326 4095 1448 4153 114
1577 4095 1656 4154 56
1705 4098 1775 4152 Ε.
1811 4095 1882 4152 De
1914 4112 2047 4153 mor.
2084 4096 2161 4153 97
2291 4096 2369 4153 57
2416 4098 2523 4153 Bo.
2557 4096 2768 4155 Erasm.

480 4178 652 4253 Adag.
688 4196 749 4253 p.
788 4179 905 4237 641
943 4179 1071 4236 edit.
1108 4182 1233 4236 anni
1268 4180 1428 4246 1617
1633 4180 1712 4238 58
1760 4182 1868 4238 Bo.
1901 4180 2104 4241 Erasm.
2135 4181 2305 4256 Adag.
2338 4180 2466 4237 ibid.
2498 4200 2592 4255 pg.
2629 4182 2775 4241 628.

483 4264 637 4321 Pind.
670 4264 882 4339 Olymp.
919 4265 978 4338 6,
1013 4264 1127 4322 101
1289 4266 1367 4323 59
1415 4266 1523 4337 Bo.
1557 4266 1728 4323 Plaut.
1757 4266 1953 4326 Pseud.
1986 4265 2112 4325 454
2287 4267 2368 4326 60
2413 4260 2496 4322 Cr'r
2527 4266 2583 4322 2.
2618 4265 2772 4325 Caec.

486 4348 631 4405 Balb.
664 4348 807 4415 Mon.
844 4350 945 4424 22,
979 4348 1036 4406 2.
1066 4366 1160 4424 pg.
1198 4349 1276 4407 27
1647 4366 1654 4373 ·
