2917 4950
1029 336 1574 385 PROLEGOMENA.
1926 371 1936 388 .
2365 321 2446 384 41
2500 397 2506 404 ‚

171 513 316 554 nem
359 490 576 554 delabi
589 541 640 574 ,.
665 492 852 576 quasi
898 489 1146 556 Seneca
1188 513 1321 555 non
1365 490 1575 555 solum
1618 512 1825 577 nuper
1867 491 2271 574 additarum,
2332 491 2449 556 sed

171 595 450 658 omnium
492 603 717 659 auctor
747 604 922 658 esset
950 594 1440 660 sententiarum.
1531 593 1809 658 Accedit
1849 594 2023 680 quod
2056 593 2319 677 Seneca,
2364 594 2449 659 ab

169 689 570 782 Hieronymo
636 697 704 759 in
763 695 1134 781 catalogum
1189 695 1575 760 Sanctorum
1630 705 1930 782 receptus
1997 696 2081 761 ob
2140 695 2449 783 epistulas

165 797 340 880 illas,
399 819 559 883 quas
604 797 690 862 ad
732 797 1009 863 Paulum
1049 796 1414 884 apostolum
1457 797 1723 862 dedisse
1768 797 2187 881 credebatur,
2233 820 2449 862 mona-

167 899 301 962 chis
345 898 549 963 medii
592 901 742 963 aevi
784 900 1003 965 multis
1050 899 1288 964 litteris
1333 901 1429 965 ita
1475 899 1969 964 commendatus
2015 909 2185 982 erat,
2242 908 2315 963 ut
2358 899 2451 962 fa-

166 1000 310 1082 cile,
360 1001 682 1087 quidquid
726 1000 813 1065 ad
857 1001 1336 1088 philosophiam
1379 1000 1690 1066 moralem
1730 1001 2106 1088 spectabat,
2155 1002 2291 1066 eius
2337 1023 2447 1064 no-

162 1105 322 1168 mini
365 1102 658 1166 adscribi
687 1105 980 1189 potuisse
1010 1104 1134 1168 tibi
1164 1105 1583 1192 persuadeas,
1673 1103 1997 1191 Exemplo
2028 1105 2115 1168 sit
2149 1105 2290 1189 ipse
2319 1101 2448 1183 ille,

163 1207 272 1291 qui
330 1205 574 1269 dicitur
626 1204 796 1270 liber
851 1206 933 1270 de
986 1205 1298 1271 moribus.
1388 1206 1625 1270 Utrum
1676 1205 1959 1273 Senecae
2016 1206 2450 1293 patrocinium

162 1306 491 1394 quoddam
555 1307 678 1372 hoc
732 1307 1101 1391 addiderit,
1170 1307 1343 1394 quod
1405 1330 1471 1371 v.
1522 1309 1555 1370 1
1604 1316 1669 1370 et
1711 1308 1753 1371 2
1797 1306 2069 1371 Publilii
2122 1329 2161 1370 a
2208 1307 2455 1372 Seneca

163 1411 356 1495 epist.
405 1409 476 1491 8,
525 1409 564 1473 8
610 1418 674 1473 61
721 1410 834 1492 94,
880 1410 965 1474 43
1009 1409 1390 1493 laudantur,
1450 1429 1535 1472 an
1580 1411 1798 1494 potius
1855 1408 1955 1473 1111
2011 1430 2239 1492 versus
2284 1408 2454 1472 hanc

162 1512 240 1576 ob
287 1533 552 1600 causam
595 1511 681 1575 ab
726 1511 983 1575 homine
1029 1511 1308 1598 quodam
1354 1512 1546 1577 docto
1577 1513 1767 1576 initio
1798 1511 1996 1598 positi
2027 1510 2295 1594 fuerint,
2328 1533 2455 1597 quo

163 1615 448 1678 Senecae
491 1613 866 1677 auctoritati
910 1612 1108 1677 fidem
1151 1614 1538 1698 adderet*),
1585 1614 1656 1677 id
1701 1615 1819 1678 vix
1861 1613 2075 1677 ausim
2118 1622 2454 1699 pro-certo

161 1715 547 1783 diiudicare.
605 1714 969 1779 ”Postremo
1014 1713 1273 1781 silentio
1317 1738 1447 1779 non
1491 1714 2036 1802 praetereundum
2069 1724 2188 1797 est,
2234 1737 2455 1781 mona-

162 1818 314 1882 chos
363 1826 428 1880 et
473 1825 758 1896 63116136,
781 1815 1094 1880 666166136
1137 1827 1378 1905 patres,
1425 1839 1570 1881 cum
1600 1816 1872 1882 Publilii
1915 1817 2157 1904 pagani
2198 1826 2453 1880 senten-

110 1974 115 1979 .
160 1921 278 1984 tias
316 1919 579 2006 saepius
610 1919 680 1982 in
709 1941 899 1983 usum
935 1942 1122 1983 suum
1153 1929 1631 2002 converterent,
1664 1941 1771 1983 eas
1804 1918 2084 1984 fortasse
2112 1941 2153 1983 a
2178 1917 2449 2007 Seneca,

162 2021 554 2087 christianae
608 2019 764 2084 fidei
818 2030 891 2084 ut
945 2021 1263 2107 putabant
1306 2021 1609 2105 addicto,
1677 2019 1783 2084 vel
1829 2030 2004 2085 certe
2047 2019 2251 2085 Paulo
2295 2022 2452 2084 ami-

163 2125 446 2204 616611110,
495 2121 820 2208 profectas
868 2144 1008 2186 esse
1053 2132 1340 2188 statuere
1382 2123 1715 2188 maluisse.

329 2227 433 2290 Ac
478 2225 639 2287 vicit
669 2224 829 2288 haec
859 2227 1206 2311 sententia,
1254 2227 1554 2312 quamvis
1586 2228 1673 2290 sit
1703 2223 1892 2288 falsa.
1978 2223 2208 2310 Neque
2237 2233 2456 2288 tamen

161 2327 532 2406 defuerunt,
568 2326 677 2411 qui
720 2327 1008 2390 incertae
1041 2330 1451 2392 coniecturae
1488 2324 1885 2402 diffiderent.
1964 2327 2047 2390 In
2074 2327 2303 2412 primis
2335 2327 2452 2390 mi-

158 2453 300 2494 rum
363 2427 626 2493 videtur
682 2428 975 2494 codicem
1018 2429 1449 2496 Basiliensem
1506 2431 1930 2518 inscriptione
1974 2427 2167 2516 plane
2212 2450 2455 2509 carere,

161 2534 316 2597 item
364 2530 658 2595 codicem
703 2531 1214 2617 Frisingensem,
1261 2532 1860 2613 Vindobonensem,
1907 2534 2232 2618 epitomen
2274 2531 2454 2593 Pari-

160 2636 369 2698 sinam
417 2631 661 2697 saeculi
703 2631 1066 2717 undecimi3
1130 2633 1517 2720 saeculoque
1562 2632 1762 2698 XIII.
1811 2633 2197 2698 Vincentius
2242 2630 2453 2696 Bello-

161 2736 461 2801 vacensis
509 2734 769 2799 easdem
815 2733 960 2798 illas
1006 2737 1384 2818 sententias,
1433 2758 1599 2823 quae
1644 2736 1715 2799 in
1745 2736 1970 2799 codice
2000 2734 2454 2820 antiquissimo

161 2839 464 2904 Parisino
511 2835 796 2901 Senecae
840 2838 1324 2919 inscribuntur,
1374 2850 1437 2903 61
1483 2837 1886 2902 Publilianas
1936 2846 1998 2901 ct
2043 2835 2453 2915 subditiciaS‚

158 2942 344 3005 affert
387 2950 718 3025 tamquam
765 2962 840 3004 ex
869 2942 1224 3023 proverbiis
1281 2940 1901 3023 Sapientiam**)
1946 2940 2221 3027 petitaS,
2279 2935 2455 3001 haud
2500 2938 2509 2947 “

161 3044 416 3123 11166116,
464 3041 521 3105 61
568 3040 832 3127 quidem
880 3064 988 3105 eas
1034 3065 1165 3107 non
1209 3044 1323 3107 uni
1357 3043 1610 3106 auctori
1639 3041 1866 3106 deberi
1896 3050 2071 3105 recte
2103 3037 2453 3105 intellexit.

327 3142 628 3207 Tertium
675 3141 958 3229 denique
1001 3166 1208 3229 genus
1256 3154 1354 3208 est
1400 3166 1654 3225 eorum,
1714 3145 1860 3230 qui,
1908 3164 2054 3206 cum
2099 3139 2454 3205 Publilium

160 3245 575 3310 testimoniis·
600 3253 896 3310 veterum
939 3256 1312 3330 auctorum,
1363 3246 1677 3311 Senecam
1722 3245 2021 3309 codicum
2063 3244 2454 3308 auctoritate

166 3344 685 3413 commendatum
731 3346 1054 3431 viderent,
1103 3351 1573 3413 sententiarum
1618 3348 1938 3432 originem
1980 3345 2066 3410 ad
2110 3354 2457 3431 utrumque

161 3449 482 3513 referrent
527 3455 591 3510 et
638 3447 950 3514 Senecam
995 3473 1252 3537 quoque
1296 3449 1776 3537 philosophum,
1825 3448 1907 3512 de
1938 3471 2066 3534 qua
2094 3470 2166 3511 re
2194 3446 2457 3511 aliunde

164 3576 292 3617 non
347 3557 636 3631 constat,
694 3550 928 3623 mimos
983 3551 1090 3616 vel
1147 3562 1323 3617 certe
1375 3553 1737 3617 sententias
1794 3550 2157 3635 singulares
2204 3571 2455 3636 compo-

299 3794 353 3857 *)
393 3792 578 3841 Etiam
616 3790 824 3843 codicis
849 3794 1250 3844 Parisin18049
1287 3794 1463 3859 prima
1500 3792 1798 3850 sententia,
1834 3788 2071 3854 Auferri
2095 3791 2277 3855 potest
2312 3787 2457 3855 quod

169 3877 296 3941 dari
321 3881 529 3945 potuit,
569 3899 634 3932 ex
659 3878 876 3932 Seneca
915 3885 1000 3929 est
1036 3880 1324 3943 desumpta
1362 3878 1523 3943 epist.
1550 3879 1599 3940 8,
1629 3880 1707 3938 10,
1745 3878 1876 3926 item
1914 3876 2159 3926 secunda
2196 3891 2262 3925 ac
2288 3876 2457 3926 tertia

169 3986 232 4005 =
269 3982 318 4019 v.
359 3970 408 4018 1.
446 3970 477 4017 2
514 3971 738 4017 nostrae
774 3964 1050 4018 editionis.

268 4049 356 4112 **)
393 4052 545 4103 Idem
592 4056 778 4101 tamen
825 4065 934 4100 uno
979 4048 1068 4099 vel
1117 4048 1294 4097 altero
1340 4047 1462 4097 loco
1500 4064 1533 4097 a
1569 4046 1790 4110 vulgari
1834 4047 2094 4111 opinione
2130 4062 2239 4097 non
2276 4062 2455 4097 reces—

174 4134 306 4185 sisse
337 4137 600 4197 evidetur,
651 4152 735 4189 ex.
773 4151 855 4200 gr.
899 4149 1049 4199 spec.
1093 4132 1264 4182 doctr.
1301 4134 1356 4192 4,
1400 4133 1521 4190 115,
1570 4132 1667 4181 ubi
1713 4132 1943 4197 legitur:
1998 4128 2095 4181 Ex
2128 4144 2286 4195 prov.
2324 4128 2455 4195 Sap.

176 4214 476 4283 Difficilem
521 4220 732 4283 oportet
773 4215 966 4269 habere
1009 4230 1198 4266 aurem
1234 4213 1311 4267 ad
1347 4213 1601 4266 erim-ina.
1672 4213 1832 4267 Idem
1867 4213 1945 4266 ad
1982 4212 2267 4267 Lucilium
2303 4213 2455 4279 epist.

176 4306 220 4349 3.
257 4304 346 4353 etc.
419 4304 580 4369 Spec.
610 4302 762 4356 doct.
787 4306 833 4362 3,
863 4304 955 4351 171
998 4300 1164 4350 editio
1201 4302 1419 4351 Veneta
1459 4302 1590 4351 anni
1625 4304 1756 4352 1494
1794 4301 1987 4351 habet:
2026 4296 2122 4350 Ex
2148 4296 2457 4365 proverbiis

177 4382 418 4450 Seneca-e,
452 4386 708 4439 Nimium
743 4382 1064 4437 altercando
1098 4382 1304 4436 veritas
1338 4383 1639 4449 amittitur,
1673 4407 1740 4427 =
1777 4402 1829 4438 v.
1864 4386 1980 4434 416.
