2917 4950
405 300 448 364 4
1283 313 1829 368 PROLEGOMENA.

407 471 592 536 multi
654 470 895 537 laboris
915 475 1006 556 *):
1068 472 1232 540 adeo
1290 471 1563 558 vulgare
1617 481 1716 536 est
1773 470 1938 535 illud
1984 471 2133 534 vitii
2177 492 2417 556 genus,
2478 469 2705 554 (hemi-

408 554 754 659 graphiam
824 575 1106 638 dixerim
1175 574 1283 638 vel
1353 573 1924 662 haplographiam)
1988 575 2373 659 praesertim
2438 573 2553 637 ubi
2610 595 2707 636 ra-

407 676 582 746 riora
641 685 792 742 sunt
847 677 1146 760 nomina,
1206 698 1370 763 quae
1426 675 1569 740 loco
1626 675 2089 757 deturbantur,
2157 676 2367 760 magis
2423 683 2579 752 nota
2634 695 2710 737 ac

409 778 588 860 trita,
639 799 804 863 quae
848 780 1163 864 irrepunt,
1212 788 1286 843 ut
1328 800 1410 842 ne
1453 777 1525 841 id
1572 776 1838 864 quidem
1882 778 2118 840 mirum
2161 800 2279 841 nos
2322 776 2566 840 habere
2598 776 2708 839 de-

405 878 595 960 beat,
643 901 773 943 non
813 903 943 944 uno
987 878 1148 962 1660,
1197 879 1312 946 sed
1356 875 1659 966 pluribus
1705 878 2007 944 librarios
2054 879 2281 943 eodem
2325 878 2516 944 modo
2561 899 2708 964 pec-

405 1002 610 1046 casse.
700 977 890 1062 Quae
936 984 1110 1046 enim
1155 1003 1298 1046 esse
1343 991 1561 1068 potest
1604 981 1959 1046 auctoritas
2004 981 2325 1054 codicum,
2375 980 2711 1044 Ciceronis

406 1084 596 1169 epist.
649 1084 749 1166 12,
786 1085 888 1166 18,
937 1083 1222 1149 Senecae
1267 1083 1351 1147 de
1395 1092 1609 1169 tranq.
1655 1105 1758 1146 an.
1810 1083 1911 1164 11,
1950 1083 2011 1165 8,
2058 1081 2228 1147 Plin.
2274 1092 2409 1146 nat.
2457 1080 2612 1147 hist.
2645 1081 2707 1162 8,

403 1185 511 1268 51,
550 1185 653 1266 77,
700 1185 905 1251 Maer.
955 1185 1090 1251 Sat.
1136 1185 1199 1268 2,
1231 1186 1296 1268 2,
1330 1185 1392 1269 8,
1441 1186 1511 1248 in
1557 1184 1793 1271 quibus
1840 1207 2235 1270 praenomen
2279 1183 2500 1249 Publii
2545 1185 2702 1246 seri-

404 1294 588 1371 ptum
635 1308 778 1352 esse
823 1287 1002 1351 haud
1045 1289 1296 1372 ignoro,
1343 1309 1493 1351 cum
1538 1287 1815 1350 eundem
1860 1277 2121 1372 poetam
2154 1287 2237 1350 ab
2284 1287 2520 1350 iisdem
2552 1287 2708 1349 seri-

405 1388 701 1474 ptoribus
758 1389 988 1453 audire
1033 1388 1388 1454 Publilium
1451 1410 1650 1476 supra
1708 1386 2219 1453 demonstratum
2268 1388 2402 1452 sit‘?
2472 1388 2706 1476 Itaque

401 1511 485 1552 ne
516 1511 736 1554 eorum
767 1489 1032 1576 quidem
1063 1493 1454 1557 sententiam
1486 1491 1655 1554 tueri
1686 1488 1907 1572 velim,
1952 1491 2062 1576 qui
2092 1499 2439 1576 utrumque
2468 1511 2702 1554 nomen

406 1605 495 1655 et·
524 1591 748 1656 Publii
805 1602 869 1656 et
925 1592 1197 1657 Publilii
1250 1603 1428 1657 reete
1486 1613 1556 1656 se
1612 1590 1852 1655 habere
1907 1593 2032 1666 rati
2089 1603 2350 1679 poetam
2404 1602 2703 1657 nostrum

406 1693 716 1757 Publium
747 1693 1104 1770 Publilium
1149 1696 1678 1760 nominaverunt:
1725 1715 1874 1757 nam
1918 1695 2094 1781 apud
2138 1692 2388 1759 nullum
2434 1695 2706 1779 scripto-

401 1817 540 1858 rem
586 1795 745 1859 haee
791 1795 934 1860 duo=
966 1799 1229 1863 nomina
1274 1798 1621 1862 coniuncta
1663 1794 1990 1880 leguntur.

570 1898 675 1961 De
719 1897 926 1962 altero
971 1907 1204 1985 poetae
1246 1899 1541 1979 nomine,
1588 1898 1763 1984 quod
1807 1896 2060 1962 Plinius
2106 1921 2171 1961 n.
2217 1898 2282 1961 h.
2329 1899 2413 1963 35
2428 1907 2467 1981 ,⁸
2495 1901 2535 1979 ξ
2583 1897 2706 1961 199

401 1999 705 2065 tradidit:
760 1999 1114 2065 Publilium
1157 2000 1406 2064 Lochi
1421 2021 1545 2064 um
1587 2001 1877 2063 mimicae
1918 2020 2180 2064 scaenae
2224 2001 2600 2064 conditorem
2645 2005 2703 2063 ct

404 2089 781 2185 astroloyiae
825 2103 1265 2167 consobrinum
1308 2104 1442 2166 cius
1471 2101 1830 2166 Manilium
1858 2101 2260 2180 Antiochum,
2294 2104 2453 2176 ,item
2483 2121 2702 2182 yram-

403 2206 672 2269 maticac
717 2204 1077 2270 Staberium
1123 2203 1383 2269 Erotem
1427 2205 1641 2269 cadem
1683 2225 1844 2268 nave
1887 2204 2169 2267 advectos
2210 2205 2418 2267 videre
2452 2204 2703 2285 proavi,

400 2306 616 2369 adhuc
678 2307 802 2371 sub
847 2306 1066 2371 iudice
1112 2304 1296 2370 litem
1342 2327 1489 2369 esse
1534 2304 1834 2368 lubenter
1878 2305 2211 2369 confiteor.
2301 2303 2557 2385 Quodsi
2602 2304 2711 2367 cui

407 2408 775 2494 contigerit,
821 2417 895 2472 ut
941 2407 1121 2471 facili
1162 2406 1417 2470 medela
1453 2429 1539 2470 ex
1569 2407 1813 2472 codicis
1845 2407 2353 2493 Bambergensis
2388 2406 2712 2493 scriptura

404 2532 642 2575 nomen
689 2510 854 2574 illud
897 2532 1205 2596 graecum
1253 2510 1493 2593 eliciat,
1542 2533 1668 2596 quo
1716 2512 1888 2575 inter
1932 2510 2155 2597 Syme,
2201 2519 2551 2595 antequam
2581 2509 2709 2573 Ro-

404 2634 577 2675 mam
623 2611 1084 2694 adduceretur,
1133 2635 1296 2699 puer
1325 2635 1484 2677 usus
1518 2624 1677 2695 erat,
1726 2622 1839 2677 aut
1886 2614 1942 2676 si
1973 2614 2118 2698 quis
2140 2612 2469 2699 ‘Lochium
2501 2611 2711 2675 fuisse

405 2736 644 2780 nomen
700 2737 1007 2799 graecum
1069 2715 1372 2799 evicerit,
1431 2738 1549 2781 nos
1609 2724 1783 2779 certe
1827 2737 1955 2778 non
2000 2713 2270 2778 habebit
2312 2714 2565 2777 inventi
2610 2714 2708 2776 in-

407 2818 623 2881 vidos·
712 2817 1010 2899 Interim,
1059 2816 1268 2881 donec
1309 2816 1580 2881 meliora
1624 2817 2030 2897 edoceamur,
2077 2814 2361 2880 Plinium
2405 2838 2537 2879 non
2582 2815 2711 2879 Lo-

409 2920 652 2997 chium,
703 2919 819 2984 sed
864 2919 1272 2983 Antiochium
1318 2920 1663 3005 scripsisse
1708 2918 2217 3001 statliamtis**),
2263 2919 2478 3004 patria
2518 2938 2709 2981 aecu-

407 3023 612 3085 ratius
686 3022 1058 3105 significata
1127 3042 1317 3107 quam
1383 3021 1627 3084 factum
1700 3030 1799 3084 est
1864 3042 1903 3082 a
1958 3020 2189 3083 ceteris
2256 3019 2711 3105 scriptoribuS,

408 3145 682 3239 quorum
741 3121 1036 3209 exemplo
1092 3132 1352 3209 poetam
1412 3122 1649 3207 Syrum
1714 3123 2173 3207 cognominare
2228 3122 2707 3185 consuevimus.

400 3222 580 3303 Quin
641 3226 837 3289 immo
884 3224 1061 3287 haud
1108 3224 1489 3306 defuerunt,
1548 3226 1659 3310 qui
1704 3223 2029 3288 versiculo
2073 3222 2293 3309 aliquo
2314 3238 2379 3287 a
2424 3222 2705 3287 Caesare

402 3349 485 3389 ex
529 3336 820 3414 tempore
867 3327 1012 3391 fuso
1046 3328 1160 3413 (cf.
1193 3326 1365 3389 infra
1393 3348 1505 3412 pg.
1533 3327 1599 3413 9)
1625 3326 1816 3390 abusi
1861 3348 2007 3389 eum
2050 3325 2436 3412 simpliciter
2467 3324 2707 3413 Syrum

400 3439 738 3510 vocarent,
789 3438 1122 3515 tamquam
1167 3427 1237 3491 id
1281 3450 1517 3493 nomen
1560 3427 1738 3515 apud
1768 3437 2023 3491 veteres
2058 3428 2127 3490 in
2157 3428 2395 3491 iustum
2432 3449 2509 3491 ac
2542 3426 2702 3512 legi-

400 3532 631 3595 timum
679 3529 1054 3612 evaluisset,
1079 3531 1169 3593 ·in
1219 3552 1345 3616 quo
1387 3553 1523 3594 non
1568 3530 1793 3593 addito
1837 3528 2073 3614 gentili
2113 3530 2527 3615 acquiescere
2557 3551 2706 3616 pos-

540 3771 599 3832 *)
640 3770 726 3822 Cf.
765 3772 899 3821 Tac.
937 3770 1066 3821 hist.
1108 3773 1159 3835 2,
1199 3773 1263 3821 92
1299 3768 1713 3835 Praeposuerat
1739 3768 2123 3835 praetorianis
2157 3768 2227 3820 P.
2265 3766 2564 3832 Sabinum,
2609 3771 2706 3821 ubi

404 3852 726 3905 Publilium
763 3855 1165 3906 emendandum
1203 3871 1324 3906 esse
1362 3856 1488 3909 coll.
1525 3856 1652 3906 hist.
1692 3859 1751 3920 3,
1790 3857 1855 3905 36
1891 3852 2205 3906 Publi-lium
2242 3851 2513 3905 Sabinum
2539 3868 2707 3919 prae-

400 3937 538 3990 torii
576 3936 922 4003 praefectum
969 3942 1175 4005 primus
1219 3940 1362 3991 vidit
1406 3940 1685 3991 Halmius.
1755 3940 1915 4005 Apud
1956 3941 2080 3991 Liv.
2122 3943 2209 4003 10,
2247 3939 2307 4002 9,
2345 3942 2375 3989 2
2418 3936 2709 3991 Publilius

411 4025 652 4075 debetur
689 4024 982 4089 GlareanO,
1022 4026 1169 4091 apud
1207 4024 1324 4075 Cic.
1363 4026 1523 4091 epist.
1564 4026 1633 4076 ad
1671 4026 1839 4076 Attio.
1880 4028 1962 4089 12,
2000 4028 2085 4090 24,
2124 4028 2168 4076 1.
2208 4028 2288 4089 12,
2326 4026 2409 4084 28,
2447 4026 2478 4074 2
2512 4026 2706 4087 Bosio,

400 4114 462 4159 ut
497 4109 639 4159 nihil
679 4108 858 4159 dicam
895 4109 963 4159 de
998 4110 1219 4161 Lucilio
1258 4112 1571 4161 sexcenties
1607 4111 1664 4159 in
1703 4112 1935 4160 Lucium
1974 4116 2246 4175 corrupto.

498 4201 584 4266 **)
623 4202 887 4253 Similiter
935 4203 1079 4267 apud
1127 4204 1380 4253 Tacitum
1420 4206 1513 4266 13,
1556 4206 1584 4252 7
1620 4200 1835 4254 iochum
1884 4204 2148 4268 scriptum
2200 4207 2285 4253 est
2329 4204 2385 4252 in
2422 4203 2701 4265 MediceO,

406 4291 559 4338 recte
593 4288 669 4357 ‘in
718 4287 1055 4338 editionibus
1101 4285 1452 4337 Antiochum.
1528 4287 1684 4351 Quod
1732 4289 1813 4338 adae
1848 4304 1959 4338 rem
2010 4288 2239 4351 attinet,
2284 4287 2430 4341 haud
2466 4287 2706 4337 absurda

398 4376 483 4422 est
509 4372 830 4423 coniectura
855 4371 1156 4422 Publilium
1189 4372 1363 4422 fuisse
1392 4372 1711 4437 popularem
1740 4372 1999 4436 Archiae,
2036 4372 2102 4421 de
2131 4387 2235 4435 quo
2263 4372 2338 4426 cf.
2367 4373 2515 4421 infra
2540 4388 2628 4437 pg.
2653 4376 2705 4422 9.
