2917 4950
503 1337 512 1345 ·
573 1279 638 1364 Ι.
737 1279 857 1366 De
917 1223 1260 1366 Publilio
1323 1279 1514 1391 Syro
1576 1232 2155 1392 mimographo.

391 1498 648 1560 Nomen
678 1497 946 1563 Publilii
977 1499 1131 1586 Syri
1175 1501 1392 1564 varias
1439 1508 1781 1586 expertum
1826 1508 1925 1563 est
1968 1500 2267 1562 fortunae
2310 1500 2521 1573 vices.

215 1599 390 1662 Nam
435 1620 580 1662 cum
627 1621 744 1686 per
786 1610 990 1678 totum
1010 1651 1029 1684 ,
1087 1602 1264 1688 quod
1309 1599 1569 1684 dicunt,
1627 1601 1915 1666 medium
1959 1623 2195 1665 aevum
2238 1601 2308 1664 in
2353 1599 2511 1664 obli-

214 1701 482 1766 vionem
529 1703 874 1766 cecidisset
919 1712 982 1766 et
1015 1701 1262 1769 Seneca
1303 1702 1727 1790 philosophus
1770 1726 1994 1768 earum
2024 1704 2513 1784 sententiarum,

215 1826 380 1889 quas
413 1802 764 1887 edidimus,
795 1815 1024 1870 auctor
1055 1815 1226 1870 esset
1257 1806 1546 1889 habitus,
1581 1807 1804 1870 extitit
1834 1805 2097 1892 quidem
2125 1805 2511 1871 Desiderius

215 1906 598 1989 ErasmuS,
632 1907 744 1994 qui
799 1907 946 1973 illas
992 1930 1110 1972 suo
1159 1911 1412 1974 auctori
1457 1907 1854 1993 vindicaret,
1913 1907 2029 1973 sed
2074 1909 2249 1974 idem
2294 1931 2513 1974 recen-

212 2009 459 2072 tiorum
501 2007 818 2073 librorum
865 2009 1247 2097 corruptelis
1293 2012 1363 2074 in
1407 2033 1691 2075 errorem
1732 2011 2126 2098 implicatus,
2170 2021 2307 2076 tam
2335 2033 2513 2074 mon-

216 2119 504 2175 strosum
535 2109 800 2175 induxit
833 2111 1114 2176 Publii
1150 2112 1334 2200 Syri
1375 2135 1634 2196 nomen,
1665 2123 1739 2177 ut
1772 2114 2093 2200 quomodo
2122 2135 2515 2201 praenomen

215 2214 312 2291 in,
334 2234 569 2276 nomen
612 2213 860 2298 gentile
903 2214 1162 2296 abierit,
1208 2218 1328 2280 vix
1373 2215 1686 2303 explices,
1732 2217 1863 2280 nisi
1906 2215 2078 2281 forte
2116 2215 2202 2279 ad
2234 2215 2513 2292 celeber-

215 2315 459 2378 rimum
504 2311 665 2379 iuris
712 2316 1164 2404 interpretem,
1207 2316 1450 2381 Gaium
1497 2318 1664 2402 dic0,
1712 2317 1820 2382 vel
1860 2317 1946 2382 ad
1979 2317 2275 2382 Marcum
2321 2341 2514 2382 evan-

215 2415 524 2503 gelistam
582 2416 751 2483 velis
809 2440 1187 2505 provocare.
1277 2419 1537 2487 Nostris
1596 2430 1811 2486 autem
1868 2421 2307 2508 temporibus,
2369 2443 2543 2505 cum,

218 2518 543 2605 Silligius,
591 2518 1009 2586 doctissimus
1042 2521 1242 2585 Plinii
1288 2520 1523 2605 editor,
1554 2524 2008 2593 auctoritatem
2050 2523 2294 2588 codicis
2324 2525 2515 2587 Bam-

219 2622 566 2707 bergensis
599 2633 882 2713 secutus,
914 2646 1142 2687 verum
1172 2623 1525 2689 Publilii
1568 2647 1806 2707 nomen
1836 2634 2067 2712 poetae
2096 2624 2516 2708 reddidisset,

215 2748 259 2788 a
303 2724 552 2807 multiS,
597 2734 672 2789 ut
718 2734 818 2789 est
863 2725 1326 2790 difficillimum
1372 2727 1747 2791 diuturnam
1792 2729 2057 2791 vincere
2102 2726 2516 2792 consuetudi-

217 2849 394 2909 nem,
445 2828 506 2890 ei
553 2826 876 2911 denegata
922 2836 1020 2891 est
1063 2827 1250 2911 fides,
1297 2827 1503 2894 donec
1534 2829 1897 2913 Ciceronis,
1946 2829 2231 2895 Senecae
2278 2838 2341 2893 et
2374 2829 2516 2892 rhe-
2630 2827 2634 2834 ’

216 2931 384 2993 toris
430 2939 493 3009 et
535 2928 931 3017 philosophi,
979 2929 1204 3014 Gellii,
1249 2932 1595 3014 Macrobii,
1642 2930 2031 3019 Hieronymi
2079 2931 2281 2995 libros
2322 2953 2518 2995 manu

217 3032 501 3118 scriptos
542 3030 1022 3096 idem·Publilii
1049 3017 1354 3099 servasse
1383 3056 1623 3099 nomen
1650 3035 1955 3099 innotuit.
2046 3034 2149 3099 Cf.
2181 3033 2352 3097 Plin.
2383 3042 2518 3097 nat.

218 3133 378 3196 hist.
423 3134 538 3217 35,
583 3134 703 3215 58,
768 3134 921 3218 199,
988 3136 1126 3199 Cic.
1183 3135 1270 3199 ad
1325 3137 1529 3201 Attic.
1582 3137 1691 3220 14,
1737 3136 2021 3226 2,,8611.
2068 3146 2362 3202 controv.
2408 3158 2518 3222 pg.

218 3235 374 3316 202,
419 3236 523 3298 24.
569 3236 717 3319 206,
767 3238 828 3299 6.
861 3238 922 3301 8.
953 3238 1056 3301 20.
1105 3237 1251 3302 coll.
1284 3238 1432 3321 206,
1464 3240 1527 3303 2.
1557 3238 1705 3322 211,
1742 3186 1837 3303 24
1866 3239 2057 3303 Burs.
2147 3238 2297 3303 Sen.
2330 3240 2520 3325 epist.

218 3338 287 3419 8,
323 3337 396 3420 8,
447 3335 619 3402 Gell.
665 3361 730 3401 n.
762 3340 958 3420 a.17,
995 3341 1109 3424 143
1156 3339 1450 3404 Macrob.
1500 3340 1635 3405 Sat.
1660 3340 1727 3422 2,
1761 3342 1821 3422 7,
1868 3341 2000 3422 ξ5.
2032 3340 2092 3404 6.
2125 3340 2198 3423 83
2244 3339 2519 3404 Hieron.

216 3438 309 3501 ad
355 3438 598 3505 Euseb.
647 3439 882 3505 Chron.
917 3441 1084 3505 1974
1125 3443 1408 3506 Amand.

395 3541 586 3611 Nunc
641 3541 939 3624 demum,
1007 3554 1352 3631 postquam
1409 3544 1480 3607 in
1534 3543 1864 3629 Philologi
1928 3543 2057 3608 vol.
2118 3543 2354 3607 XXII.
2415 3566 2521 3630 pg.

216 3644 350 3707 439
400 3666 536 3731 seq.
583 3654 880 3709 veterum
938 3647 1346 3728 testimonia,
1407 3654 1655 3734 quanta
1712 3646 1853 3708 fieri
1909 3654 2163 3732 poterat
2216 3644 2347 3709 fide
2396 3644 2523 3709 col-

220 3744 393 3835 legi,
464 3744 734 3810 Publilii
804 3769 1037 3812 nomen
1093 3770 1132 3811 a
1187 3746 1553 3836 plerisque,
1622 3748 1792 3811 inter
1860 3770 2022 3835 quos
2088 3746 2525 3811 Ritschelium

218 3848 488 3913 honoris
551 3870 750 3913 causa
804 3851 1068 3914 nomino
1132 3850 1384 3935 (opusc.
1442 3848 1668 3937 philol.
1728 3849 1820 3912 ΙΙ.
1868 3850 2056 3934 663),
2116 3849 2381 3939 probari
2424 3850 2521 3911 vi-

224 3951 352 4014 deo
400 3959 463 4013 et
506 3949 591 4016 ab
637 3952 718 4014 iis
764 3960 1096 4038 receptum
1144 3973 1286 4016 esse
1331 3951 1569 4034 laetor,
1628 3952 1739 4037 qui
1795 3949 2158 4017 litterarum
2202 3952 2523 4015 Romana-

216 4074 368 4116 rum
413 4052 750 4117 historiam
781 4055 1153 4140 nuperrime
1190 4054 1738 4139 conscripserunt,
1773 4052 2057 4117 Baehrio
2090 4062 2153 4116 et
2188 4052 2525 4116 Teuffelio.

218 4154 529 4242 Denique
601 4156 656 4219 si
728 4156 874 4242 quis
941 4154 1302 4220 Publilium
1368 4177 1407 4218 a
1464 4154 1751 4219 librariis
1823 4156 1892 4218 in
1958 4153 2267 4219 Publium
2334 4176 2529 4241 saepe

222 4256 658 4343 depravatum
715 4278 858 4321 esse
911 4266 984 4321 ut
1039 4256 1338 4343 pluribus
1403 4255 1725 4344 exemplis
1796 4257 2216 4321 confirmetur
2272 4255 2526 4320 deside-

217 4370 354 4440 ret,
415 4360 574 4423 satis
619 4381 927 4444 magnum
974 4360 1266 4446 proferre
1325 4359 1617 4424 locorum
1673 4380 2014 4423 numerum
2076 4381 2181 4423 res
2226 4358 2353 4431 erit
2395 4380 2525 4422 non

2046 4466 2114 4513 1*
