2917 4950
517 320 604 388 52
1397 335 1944 387 Pnomoounm.

517 512 708 558 suum
737 493 1020 580 speeiem
1050 490 1510 558 assimilarent.
1580 490 1763 574 Quas
1794 490 2105 556 facillime
2133 511 2474 576 agnoscas,
2521 487 2633 555 ubi
2659 511 2797 555 ver-

515 619 626 661 sus
672 595 1112 684 interpretans
1156 593 1599 661 Publilianum
1643 595 1865 660 statim
1910 594 2351 681 subsequitur,
2396 602 2471 659 ut

767 740 878 794 304'
909 737 1037 798 Lea:
1077 739 1228 798 videt
1268 740 1508 807 iratum,
1552 739 1745 797 iratus
1786 738 1961 813 leyem
2004 754 2126 796 non
2166 737 2333 795 videt.

767 847 868 896 305
910 841 1124 916 Leye‘m
1166 839 1308 900 solc‘t
1350 841 1604 901 oblivisci
1645 840 1973 898 iracundia.

770 949 868 998 198
915 940 1176 1003 Gravius
1216 944 1442 1002 malum
1484 929 1654 1002 omne
1696 946 1796 1010 est,
1842 942 1994 1014 quod
2034 941 2143 1000 sub
2187 944 2421 1014 aspectu
2464 941 2614 1000 latet.

764 1053 867 1101 200
911 1043 1166 1106 Gravior
1207 1050 1288 1106 est
1329 1047 1624 1113 inimicus,
1664 1041 1673 1121 Ι
1713 1045 1813 1116 qui
1849 1045 1983 1102 latet
2025 1045 2093 1102 in
2124 1047 2368 1117 pectore.
2650 1039 2665 1050 ⁴

512 1170 736 1242 Possis
793 1176 990 1242 etiam
1047 1177 1219 1241 inter
1280 1197 1350 1240 se
1410 1173 1807 1242 contendere
1862 1196 1927 1238 v.
1972 1173 2055 1238 52
2102 1181 2167 1237 et
2209 1173 2323 1256 57,
2388 1173 2509 1238 188
2556 1181 2619 1237 et
2668 1173 2797 1252 190,

509 1277 640 1342 524
683 1286 748 1342 et
790 1257 939 1361 540,
986 1278 1112 1344 603
1157 1286 1222 1342 et
1264 1278 1412 1342 611.

679 1379 898 1465 Magis
934 1378 1189 1444 lubrica
1218 1380 1330 1444 via
1359 1378 1621 1462 editori,
1666 1378 1782 1443 ubi
1811 1377 2237 1466 interpolator
2266 1378 2548 1464 primum
2581 1398 2798 1440 versus

515 1479 911 1546 vocabulum
955 1483 1273 1564 mutavit,
1319 1479 1628 1546 librarius
1673 1490 1934 1567 postea,
1982 1503 2129 1545 cum
2172 1480 2389 1546 omnia
2433 1478 2519 1543 ad
2562 1477 2798 1543 littera-

512 1593 659 1647 rum
718 1583 1014 1648 ordinem
1069 1593 1445 1668 revocaret,
1504 1605 1621 1649 suo
1676 1585 1818 1648 loeo
1861 1584 2238 1667 inseruit*).
2328 1580 2523 1662 Quod
2567 1581 2799 1646 factum

512 1707 656 1750 esse
700 1685 893 1751 credo
937 1686 1010 1750 in
2892 1664 2894 1790 Ι

722 1847 775 1884 v.
805 1835 905 1884 392
951 1827 1162 1891 Nimia
1203 1829 1558 1888 concedendo
1601 1829 1896 1887 interdum
1937 1829 2189 1910 stultitia
2221 1826 2499 1924 lit-5341.
2530 1846 2594 1889 v.

811 1937 910 1986 180
953 1931 1238 1990 Facilitas
1279 1931 1473 1990 nimia
1516 1931 1596 1990 ad
1626 1935 1856 2004 partem
1901 1913 2209 1989 stultitiae
2219 1932 2394 2003 rapit.

807 2038 908 2087 278
951 2033 1261 2092 Interdum
1305 2033 1473 2091 habet
1515 2034 1793 2092 stultitiae
1825 2037 2060 2106 partem
2100 2032 2372 2104 facilitas,
2884 2070 2896 2210 Ι

511 2162 621 2227 vel
664 2172 933 2250 propter
977 2164 1330 2250 pessimum
1373 2163 1580 2227 ictum
1625 2163 1807 2228 vocis
1853 2163 2248 2228 concedendo,
2326 2161 2428 2227 Cf.
2477 2161 2564 2225 ad
2609 2184 2673 2225 v.
2706 2161 2795 2225 83.
2894 2213 2896 2224 .

512 2266 663 2329 141.
715 2264 855 2329 165.
902 2265 984 2329 86
1031 2275 1094 2329 et
1135 2265 1285 2330 439.
1372 2265 1656 2330 Versum
1698 2265 1825 2330 252

997 2407 1232 2468 Iactum
1273 2409 1515 2468 tacendo
1560 2410 1781 2468 crimen
1820 2407 2012 2481 facias
2050 2409 2247 2468 acrius

514 2548 730 2604 ortum
774 2561 919 2604 esse
963 2540 1314 2627 suspiceris
1361 2560 1445 2603 ex
1489 2561 1554 2608 v,
1600 2532 1753 2605 331·

851 2683 1232 2742 Maledictum
1275 2684 1712 2757 interpretando
1755 2683 1975 2741 crimen
2015 2681 2206 2754 facias
2247 2684 2462 2751 acriuS,

514 2823 583 2878 >et
629 2812 1157 2900 interpolatorem
1201 2814 1547 2902 scripsisse
1576 2811 1839 2877 Dictum
1880 2814 2175 2878 iactando
2219 2813 2327 2877 vel
2358 2813 2671 2878 Iactando
2706 2812 2798 2893 fa·
2896 2798 2898 2829 ²

514 2921 696 2981 ctum.
787 2917 877 2981 Et
931 2916 1040 2979 hic
1096 2924 1358 2980 vastum
1414 2925 1636 3001 patere
1692 2914 1916 2977 critico
1975 2936 2299 3000 campum,
2363 2916 2508 3001 quis
2553 2924 2655 2979 est
2699 2913 2798 2999 qui

511 3016 760 3101 neget?
825 3018 1004 3104 ipse,
1062 3026 1136 3081 ut
1191 3016 1356 3080 mihi
1415 3025 1810 3099 constarem,
1868 3012 2048 3079 nol'ui
2106 3017 2322 3081 omnia
2374 3016 2671 3098 turbare,
2728 3036 2799 3077 ne

504 3117 738 3183 lectori
777 3114 1018 3182 'falsam
1064 3116 1362 3182 codicum
1407 3118 1760 3203 imaginem
1804 3127 2377 3205 repraesentarem.

647 3308 702 3372 ²¹³)
743 3310 903 3370 Quae
940 3310 1003 3357 in
1040 3310 1294 3360 versibus
1320 3308 1673 3376 interpolatis
1700 3310 1930 3359 concedi
1953 3313 2136 3374 potest
2159 3308 2613 3374 transpositionis
2639 3310 2798 3359 licen-

523 3394 625 3457 tia,
665 3392 735 3442 ad
775 3392 1005 3443 eandem
1041 3410 1340 3467 provocare
1378 3410 1484 3447 non
1523 3395 1684 3457 lieet,
1732 3395 1828 3444 ubi
1866 3396 2052 3459 agitur
2089 3384 2156 3443 de
2193 3393 2482 3445 vocabulis
2517 3394 2797 3459 corruptis,

505 3478 597 3531 cf.
633 3477 930 3529 Ritsehelii
979 3496 1167 3545 opusc.
1205 3484 1262 3543 2,
1297 3482 1414 3530 665.
1488 3480 1772 3545 Nusquam
1816 3481 1987 3545 igitur
2023 3482 2201 3545 prima
2236 3494 2492 3529 versuum
2530 3479 2798 3530 vocabula

507 3564 591 3613 ita
633 3563 1077 3627 emendavimus,
1126 3570 1189 3614 ut
1224 3566 1413 3616 littera
1449 3566 1684 3616 initialis
1730 3569 2058 3629 mutaretur,
2102 3579 2172 3615 ne
2208 3565 2265 3613 in
2300 3564 2549 3616 versibus
2587 3565 2797 3628 quidem

503 3650 533 3699 9
573 3653 628 3699 et
674 3650 798 3712 138,
858 3664 992 3713 quos
1041 3650 1196 3699 malit
1262 3652 1389 3715 quis
1442 3652 1668 3701 mutatis
1713 3650 1937 3701 sedibus
1984 3651 2041 3699 in
2090 3649 2247 3700 codd.
2286 3650 2422 3715 legi:
2477 3650 2795 3701 facillimum

503 3734 640 3783 enim
683 3738 833 3785 esset
874 3740 930 3783 et
967 3749 1018 3785 v.
1045 3736 1076 3784 9
1117 3735 1412 3786 emendare
1450 3732 1751 3800 Respicere
1786 3734 1936 3802 (libri
1972 3732 2276 3800 Aspicere),
2314 3752 2365 3787 v.
2395 3736 2491 3786 138
2525 3731 2797 3785 Amissum

501 3816 656 3881 (libri
691 3816 1043 3886 Dimissum).
