2917 4950
978 317 1526 366 PROLEGOMENA.
2022 279 2030 288 ⁹
2313 299 2397 363 35

128 495 273 555 esse,
319 470 435 537 sed
477 471 633 534 inde
663 493 701 534 a
732 470 1064 555 Scaligero
1095 471 1164 533 in
1195 469 1581 534 Publilianis
1614 490 1901 556 quoque3
1948 467 2123 532 unde
2152 468 2396 532 factum

125 585 237 657 est,
281 584 351 638 ut
393 571 725 637 miscendo
770 570 938 636 falsa
984 581 1050 636 et
1093 593 1274 654 vera,
1321 593 1487 658 quae
1530 572 1601 634 in
1646 569 1983 635 codicibus
2030 579 2213 634 erant
2258 571 2393 633 suis

122 677 262 741 locis
307 677 610 756 discreta,
655 677 726 739 in
766 698 968 739 unum
1013 675 1228 739 omnia
1269 672 1645 738 conflarent.
1734 672 1902 736 Nam
1944 672 2002 736 si
2046 673 2190 759 quis
2224 693 2399 736 seor-

123 780 234 842 sim
289 777 434 842 illas
494 775 810 841 edidisset
871 785 1128 841 servato
1190 798 1264 840 eo
1321 775 1583 858 ordine,
1642 796 1770 861 quo
1828 775 1897 836 in
1940 772 2280 838 codicibus
2328 795 2397 836 se

123 881 460 966 excipiunt,
509 881 629 942 vix
674 878 902 944 dubito
952 880 1110 964 quin
1152 876 1392 964 aliquis
1439 886 1615 941 certe
1660 877 1983 940 extiturus
2016 875 2237 958 fuerit,
2286 877 2398 961 qui

120 983 395 1045 nativum
444 981 850 1044 senariorum
895 979 1174 1044 colorem
1218 1001 1259 1043 a
1303 979 1648 1044 sententiis
1695 999 1811 1065 per
1857 978 1994 1040 vim
2037 976 2123 1040 ad
2170 978 2397 1041 carmi-

122 1107 258 1148 num
300 1082 578 1147 formam
624 1081 898 1147 detortis
944 1082 1365 1150 discerneret.

272 1185 362 1248 At
404 1183 572 1247 mihi
613 1183 807 1269 longe
851 1181 978 1247 alia
1022 1206 1204 1248 mens
1253 1192 1372 1247 est.
1463 1183 1600 1246 Iam
1648 1179 1822 1268 quod
1867 1182 1936 1244 in
1980 1182 2241 1268 optimis
2290 1202 2397 1245 co·

127 1286 359 1350 dicibus
408 1295 709 1350 servatae
753 1295 905 1350 sunt
946 1285 1097 1349 illae
1129 1286 1511 1366 sententiae,
1558 1285 1712 1348 hinc
1742 1295 1917 1350 certe
1946 1306 2029 1348 116
2058 1285 2399 1348 minimum

127 1388 369 1474 quidem
413 1377 823 1452 auctoritatis
870 1388 952 1451 iis
984 1386 1364 1451 adcrescere
1393 1385 1587 1450 facile
1617 1385 2041 1472 intellegitur,
2088 1387 2145 1450 si
2187 1395 2400 1450 tecum

125 1491 543 1576 reputaveris,
595 1489 856 1553 demum
899 1512 939 1552 a
983 1488 1202 1554 littera
1234 1489 1320 1568 N,
1368 1511 1495 1576 quo
1538 1489 1682 1575 ipso
1727 1487 1871 1554 loco
1913 1510 2144 1553 versus
2176 1488 2398 1552 Publi-

23 1605 27 1632 ³
126 1591 264 1656 liani
307 1595 377 1656 in
421 1591 722 1656 omnibus
769 1590 957 1655 libris
991 1601 1266 1678 excepto
1294 1591 1434 1654 fere
1464 1613 1591 1656 uno
1622 1591 2035 1675 Frisingensi
2066 1589 2400 1674 deficiunt,
2433 1586 2435 1588 ’

127 1695 462 1758 sententias
507 1692 640 1778 legi
683 1693 1024 1780 rythmicis
1070 1693 1358 1757 numeris
1405 1701 1722 1757 carentes.
1814 1692 1978 1772 Quis
2023 1714 2154 1756 non
2193 1691 2399 1774 videt,

129 1805 450 1883 postquam
496 1797 816 1881 posterior
861 1817 1010 1882 pars
1058 1795 1527 1860 sententiarum
1570 1793 2027 1874 interciderat,
2088 1794 2399 1858 substitu-

131 1908 215 1961 tas
269 1920 372 1961 eas
434 1919 578 1961 esse
635 1896 722 1960 ad
774 1895 1072 1960 lacunam
1129 1895 1553 1984 explendam,
1615 1919 1764 1960 cum
1817 1897 2202 1983 praesertim
2246 1918 2403 1960 vere

132 1998 517 2064 Publilianae
550 2037 625 2045 ——
661 2007 725 2062 et
753 2014 964 2084 *quam
1009 1997 1156 2062 illae
1190 1999 1489 2062 diversae
1522 2037 1597 2045 ——
1632 2006 1859 2082 postea
1888 1998 2020 2061 sint
2054 1997 2401 2084 repertae?

133 2100 309 2166 Porro
353 2103 411 2165 si
454 2103 600 2187 quis
645 2101 1064 2187 perpenderit
1106 2103 1278 2166 inter
1321 2099 1467 2164 illas
1515 2096 1878 2164 sententias
1919 2121 2003 2163 ne
2032 2121 2227 2164 unam
2260 2101 2399 2187 qui-

134 2201 255 2266 dem
299 2224 455 2284 esse,
505 2225 668 2290 quae
698 2225 738 2266 a
769 2203 1100 2267 veteribus
1133 2200 1418 2267 Publilio
1449 2203 1799 2284 tribuatur,
1848 2223 1979 2266 eas
2027 2201 2125 2265 ad
2170 2224 2403 2265 unam

135 2326 377 2370 omnes
436 2305 920 2370 abiciendas
982 2325 1160 2369 esse
1213 2302 1567 2369 Publilii
1629 2304 1931 2368 editori
1988 2304 2108 2367 vix
2164 2285 2403 2391 poterit

134 2427 367 2492 negare.
511 2490 519 2499 .
2302 2415 2319 2430 “

279 2510 369 2575 Α1
399 2509 646 2574 dixerit
691 2510 966 2575 forsitan
997 2510 1343 2596 quispiam,
1389 2518 1463 2572 ut
1508 2507 1699 2593 longe
1731 2506 2011 2595 plurima
2040 2528 2403 2571 sermonem

133 2612 481 2697 pedestrem
514 2612 792 2699 sapiant,
837 2613 930 2676 ita
967 2620 1186 2674 tamen
1213 2632 1361 2674 rara
1391 2609 1711 2696 quaedam
1739 2598 2014 2697 reperiri
2045 2607 2401 2675 conceden-

134 2713 269 2777 dum
311 2736 485 2797 esse,
551 2736 716 2801 quae
761 2716 928 2779 ictus
975 2712 1288 2778 iambicos
1333 2722 1557 2799 aperte
1600 2711 1915 2799 prodant,
1974 2710 2163 2776 verbi
2207 2734 2405 2776 causa

132 2818 499 2912 sententiam
543 2816 832 2881 omnium
875 2816 1012 2879 fere
1047 2836 1365 2880 consensu
1399 2815 1571 2878 inter
1601 2812 2005 2877 Publilianas
2040 2822 2400 2899 receptam:

504 2958 774 3017 Timidus
815 2962 978 3017 vocat
1019 2975 1078 3017 se
1122 2962 1376 3025 cautum,
1411 2974 1666 3030 parcum
1708 2956 1995 3015 sordidus,

129 3079 337 3175 Neque
392 3088 463 3153 id
521 3088 715 3177 plane
771 3070 1117 3151 immerito,
1208 3085 1473 3153 Scilicet
1517 3085 1661 3150 fons
1709 3085 1835 3150 fuit
1877 3083 2009 3167 illi,
2068 3084 2244 3149 unde
2288 3108 2405 3149 sua

128 3189 400 3255 hauriret
453 3190 540 3254 ad
596 3188 1150 3277 compensandum
1205 3188 1513 3253 damnum
1572 3188 1660 3271 (si
1705 3188 2085 3251 discesseris
2130 3209 2170 3250 a
2214 3209 2401 3273 prov.

131 3292 256 3356 148.
306 3292 448 3357 149.
537 3292 761 3357 Zelum
815 3293 888 3355 de
943 3293 1052 3356 deo
1106 3296 1353 3356 tantum
1407 3291 1640 3355 habeas
1684 3296 1786 3355 etc.
1834 3289 2012 3353 haud
2072 3289 2271 3353 dubie
2315 3288 2402 3352 ab

129 3392 369 3459 homine
427 3393 804 3458 Christiano
873 3392 1156 3476 additis,
1213 3394 1307 3455 ‘ne
1362 3391 1595 3456 ultima
1652 3390 1871 3455 littera
1917 3388 2060 3455 loco
2120 3392 2401 3475 careret)

130 3494 646 3559 Pseudosenecae
698 3494 867 3559 liber
921 3495 1003 3558 de
1055 3483 1379 3575 moribuS,
1451 3495 1593 3558 sive
1657 3492 2048 3575 Proverbia,
2101 3501 2174 3555 ut
2227 3492 2403 3565 idem

35 3680 40 3687 ί
129 3594 279 3660 liber
342 3598 602 3685 saepius
665 3596 1080 3678 inscribitur,
1154 3617 1344 3681 quem
1400 3596 1472 3658 in
1534 3592 1870 3659 codicibus
1926 3594 2402 3679 antiquissimis

132 3700 490 3785 ampliorem
538 3720 682 3763 esse
727 3720 922 3786 quam
964 3720 1138 3761 1111116
1179 3699 1250 3761 111
1295 3697 1693 3761 editionibus
1741 3696 2225 3776 circumfertur,
2272 3717 2401 3759 uno

133 3800 324 3865 verbo
379 3801 786 3887 significasse
853 3801 1012 3866 satis
1077 3799 1310 3863 habeo,
1397 3798 1635 3864 Insunt
1690 3806 1941 3884 septem
1996 3794 2402 3882 Sapientium

137 3899 320 3984 dicta,
378 3904 674 3971 Catonis,
703 3910 1077 3990 praecepta,
1139 3901 1475 3965 Ciceronis
1530 3899 1847 3987 quaedam
1894 3898 1963 3982 (ξ
2012 3897 2088 3961 18
2132 3926 2218 3953 =
2262 3896 2402 3962 Cic.

139 3999 208 4064 (16
248 4015 480 4070 senect.
530 4006 632 4089 18,
679 4006 793 4088 663
851 4008 891 4086 ἓ
933 4004 1019 4067 20
1059 4032 1146 4061 =
1190 4003 1270 4068 de
1313 4004 1503 4066 amic.
1551 4004 1622 4085 6,
1668 4001 1816 4087 22),
1865 4000 2150 4066 Senecae
2194 4000 2400 4086 philo-

141 4104 335 4190 sophi,
393 4107 595 4171 Plinii
647 4108 955 4190 iunioriS,
1012 4105 1374 4185 Lactanti-i,
1441 4126 1564 4168 nec
1618 4125 1748 4166 non
1805 4124 1889 4165 ex
1932 4103 2142 4188 poetis
2198 4122 2405 4187 pauca

143 4206 436 4289 quaedam
481 4208 810 4295 decerpta,
856 4206 1039 4273 velut
1080 4208 1336 4291 integer
1377 4214 1756 4271 tetrameter
1796 4204 2163 4269 trochaicus
2211 4206 2250 4283 ξ
2300 4202 2377 4265 10

421 4351 642 4410 Multos
683 4352 865 4409 vitam
908 4349 1233 4420 differemes
1275 4366 1432 4406 mors
1475 4350 1698 4406 incerta
1730 4347 2051 4419 praevenit.

1916 4440 1992 4493 3*
