2917 4950
441 327 567 394 150
976 340 1249 388 SEPTEM
1296 337 1695 386 SAPIENTUM
1745 333 2205 385 ssn'rnn'run.
2857 91 2917 414 a

605 496 894 560 Demens
940 491 1241 581 superbis
1287 490 1544 556 invidet
1589 489 1916 555 felicibus.

606 598 896 661 Demens
944 593 1236 661 dolorem
1276 593 1451 658 ridet
1495 590 1882 656 infelicium.
2826 562 2846 642 f

607 700 843 763 Pareto
887 697 1039 783 legi,
1089 697 1362 784 quisque
1406 694 1620 780 legem
1665 693 1984 758 sanxeris,

607 799 835 864 Plures
882 801 1125 864 amicos
1168 820 1238 862 re
1284 797 1571 862 secunda
1617 817 1972 882 comparas

611 902 863 967 Paucos
908 902 1152 965 amicos
1197 899 1392 964 rebus
1438 897 1738 962 adversis
1785 897 2051 985 probas.

1143 1169 1210 1236 3.
1278 1169 1665 1237 Cleobulus
1707 1167 2033 1234 Lindius.

611 1326 874 1407 Quanto
920 1323 1065 1412 plus
1111 1323 1327 1405 liceat,
1374 1331 1508 1387 tam
1554 1321 1758 1387 libeat
1803 1321 2042 1384 minus.

610 1428 939 1492 Fortunae
983 1426 1277 1491 invidiae
1324 1435 1425 1490 est
1469 1425 1810 1489 inmeritus
1857 1424 2075 1487 miser.

610 1528 805 1593 Felix
849 1526 1233 1592 criminibus
1278 1550 1411 1592 non
1458 1527 1582 1591 erit
1628 1525 1749 1590 hoc
1793 1525 1930 1590 diu.

610 1632 923 1716 Ignoscas
970 1628 1120 1693 aliis
1164 1627 1392 1713 multa,
1439 1627 1606 1692 nihil
1649 1627 1796 1692 tibi.

608 1733 829 1798 Parcit
872 1733 1145 1818 quisque
1187 1730 1398 1814 malis,
1444 1730 1720 1818 perdere
1765 1728 1909 1794 vult
1953 1729 2180 1794 bonos.

610 1835 933 1900 Malorum
975 1834 1229 1897 meritis
1274 1831 1487 1918 gloria
1531 1855 1663 1897 non
1707 1831 1922 1896 datur.

611 1938 849 2023 Turpis
896 1957 1089 2022 saepe
1134 1934 1328 1999 datur
1374 1933 1551 1998 fama
1595 1932 1977 1999 minoribus.

1074 2207 1142 2272 4.
1211 2205 1611 2272 Periander
1659 2205 2108 2273 Corinthius·

615 2362 986 2446 Numquam
1030 2345 1357 2445 discrepat
1401 2357 1564 2423 utile
1607 2358 1691 2422 ab
1738 2357 1992 2422 decoro,

615 2460 771 2526 Plus
820 2470 918 2525 est
963 2459 1279 2527 sollicitus
1326 2461 1536 2546 magis
1582 2460 1834 2526 beatus.

614 2564 895 2630 Mortem
939 2573 1165 2649 optare
1209 2564 1476 2647 malum,
1522 2564 1755 2627 timere
1798 2564 2009 2650 peius.

617 2667 845 2748 Faxis„
892 2674 965 2729 ut
1008 2665 1233 2750 libeat,
1280 2666 1453 2752 quod
1501 2676 1598 2730 est
1642 2687 1930 2730 necesse.

591 2767 849 2833 'Multis
895 2767 1210 2832 terribilis
1256 2770 1485 2833 timeto
1528 2766 1791 2833 multos.

620 2870 692 2935 Si
736 2870 999 2935 fortuna
1044 2870 1249 2951 iuvat,
1296 2879 1526 2935 caveto
1571 2869 1732 2934 tolli.

620 2972 692 3038 Si
736 2970 999 3036 fortuna
1043 2981 1245 3053 tonat,
1294 2981 1525 3036 caveto
1571 2973 1800 3055 mergi.

446 3268 529 3325 los
570 3285 669 3341 per
711 3268 951 3342 quinque
993 3284 1162 3323 annos
1204 3267 1481 3324 silentium
1525 3266 1720 3323 habere
1761 3270 1998 3325 iusserit.
2088 3270 2336 3344 Pytkay.
2383 3286 2482 3341 ap.
2527 3270 2746 3327 Iambl.

449 3353 509 3424 2,
542 3352 617 3409 21
650 3344 913 3427 γλώσσης
954 3340 1069 3427 πρὸ
1112 3351 1232 3409 τῶν
1260 3341 1455 3407 ἄλλων
1488 3340 1704 3428 κράτει.
1796 3355 1993 3422 Quare
2023 3356 2313 3411 Ausonius
2342 3355 2748 3428 Pythaqoram

450 3456 580 3495 cum
619 3440 847 3496 Pittaco
892 3439 1229 3510 confudisse
1272 3441 1512 3495 videtur.
1736 3438 1805 3509 2,
1852 3438 1888 3495 5
1936 3434 2196 3517 quisque]
2241 3442 2302 3497 id
2341 3446 2426 3495 est
2467 3443 2752 3513 quisquiS,

449 3527 801 3597 quicunque,
847 3531 909 3580 ut
946 3523 1116 3595 infra
1149 3523 1220 3597 3,
1253 3523 1311 3579 5.
1402 3523 1533 3580 Cod.
1580 3524 1887 3580 Parisinus
1916 3523 2078 3582 4841
2126 3524 2325 3582 Solom'
2363 3527 2593 3582 tribuit.-
2639 3527 2750 3598 pati

433 3605 629 3682 ‘legem
662 3626 821 3682 quam
851 3609 1006 3664 alteri
1040 3608 1228 3664 tuleris
1403 3608 1474 3679 2,
1509 3608 1545 3665 6
1591 3625 1869 3682 comparas
1904 3610 2052 3665 BM:
2083 3626 2362 3683 compares
2395 3612 2464 3681 P,
2496 3625 2752 3683 compara

450 3693 551 3833 ΞΟ
766 3693 835 3767 2,
880 3693 913 3749 7
962 3688 1195 3769 paucos]
1227 3694 1413 3768 plures
1451 3694 1496 3751 0
1706 3692 1902 3767 probas
1944 3695 2144 3751 PBM:
2186 3694 2354 3768 proba
2395 3695 2514 3767 ΑΟ,
2546 3692 2750 3769 probes

508 3795 739 3835 rasmus
954 3786 969 3803 ·
1513 3802 1524 3815 ⁸
2501 3798 2511 3809 ·

621 3864 680 3934 3,
715 3865 770 3919 1Δ
812 3865 979 3919 Walt.
1016 3864 1183 3919 Burl.
1215 3880 1262 3919 s.
1296 3882 1345 3920 v.
1383 3862 1570 3919 Cleob.
1608 3859 1694 3931 Ὃ.
1725 3881 1783 3937 p.
1811 3863 1960 3936 licet,
1994 3870 2143 3920 tanto
2175 3864 2213 3923 l.
2247 3866 2346 3919 m.'
2491 3864 2552 3935 3,
2586 3864 2622 3921 2
2670 3866 2751 3919 in·

452 3945 619 4001 vidiae
650 3948 735 4002 B.-
765 3948 959 4003 invidia
988 3949 1103 4005 PM
1303 3948 1373 4019 3,
1417 3948 1453 4005 3
1501 3947 1685 4004 nullus
1719 3950 1821 4003 erit
1851 3948 1944 4004 diu
1974 3949 2074 4005 AO
2259 3950 2329 4021 3,
2371 3952 2408 4007 5
2457 3948 2633 4005 bonos
2665 3950 2750 4005 P.-

451 4030 619 4086 malos
654 4032 726 4102 Β,
760 4050 864 4088 om.
896 4034 966 4089 M
1128 4034 1359 4107 prodere
1392 4034 1680 4091 Erasmus
1853 4034 1924 4106 3,
1971 4036 2006 4092 6
2055 4036 2224 4090 maior
2253 4036 2470 4090 virtutis
2501 4034 2570 4089 M
2876 4102 2880 4109 Δ

622 4115 693 4186 4,
741 4116 771 4171 1
822 4116 885 4171 ah
917 4116 1061 4173 PM.-
1092 4134 1119 4171 a
1156 4119 1310 4175 ΒΑΘ
1498 4118 1570 4191 4,
1615 4118 1652 4173 4
1700 4118 1782 4174 sac
1811 4119 2049 4175 sicutM
2239 4118 2310 4191 4,
2355 4120 2391 4175 5
2436 4120 2628 4176 timeto
2663 4120 2752 4173 B.-
2848 4173 2854 4181 ,

449 4208 633 4257 caveto
666 4201 882 4257 PMAO
912 4208 1250 4272 corruptum
1280 4220 1359 4260 ως
1388 4223 1437 4259 υ.
1475 4219 1590 4277 seq.
1658 4215 1667 4221 ·
1778 4202 1847 4275 4,
1893 4204 1928 4261 6
1975 4212 2162 4260 caveto
2193 4199 2344 4281 tolli]
2378 4202 2510 4259 nihil
2541 4202 2745 4260 laboris

451 4285 851 4427 Pthffiultum
883 4284 1084 4342 laboris
1119 4287 1173 4340 B
1342 4288 1401 4357 4,
1438 4288 1472 4343 7
1521 4285 1624 4345 om.
1659 4290 1738 4353 P,
1784 4290 1830 4344 si
1861 4307 1974 4345 non
2004 4288 2218 4345 adiuvat
2247 4290 2356 4346 hoc
2386 4290 2563 4345 minus
2597 4289 2750 4345 laho-

454 4387 530 4426 r1s
