2917 4950
440 319 524 383 96
884 391 902 396 -
1078 333 1388 381 PUBLILII
1434 333 1590 382 st
1637 331 2095 382 ΒΕΝΤΕΝΤῙΑΕ.

605 489 885 554 Occasio
930 509 1126 572 aegre
1170 487 1459 568 offertur,
1506 485 1702 550 facile
1744 486 2087 552 amittitur.

434 609 567 648 prov.
614 589 929 656 Peccandi
982 592 1106 656 duo
1160 594 1310 655 sunt
1359 609 1623 672 yencra,
1683 589 1867 654 aliud
1919 579 2010 653 ex'
2023 589 2373 671 proposito,
2432 588 2638 652 aliud
2689 608 2792 652 ex

1655 691 2058 774 neyleyentia.

609 794 907 886 Plerique
950 799 1117 859 metu
1149 814 1411 876 peccare
1454 798 1710 871 cessant,
1757 813 1887 858 non
1928 794 2304 858 innocentia.

612 895 905 977 Profecto
950 896 1103 960 tales
1146 897 1371 973 timidi,
1416 915 1549 959 non
1590 896 1942 960 innocentes
1983 896 2245 960 dicendi.

613 996 1009 1080 Priusquam
1040 999 1381 1081 promittas
1423 998 1732 1076 deliberes,
1777 1002 1850 1062 ut
1891 1018 2033 1063 cum
2063 998 2435 1080 promiseris
2471 996 2733 1077 facias,

484 1108 568 1165 40
615 1099 818 1164 Prius
858 1101 917 1164 si
958 1101 1299 1183 neyaveriS,
1342 1100 1558 1180 fecisse
1592 1105 1808 1183 postea
1847 1100 2069 1180 fallere
2111 1104 2215 1164 est.

614 1201 885 1285 Propter
929 1197 1189 1268 causam
1229 1203 1429 1267 multa
1483 1204 1684 1268 amico
1728 1202 1939 1280 dabis,
1995 1202 2231 1267 multae
2273 1221 2501 1266 causae
2545 1203 2780 1267 etiam

1656 1308 1875 1368 contra
1918 1305 2211 1368 amicum.

621 1405 753 1470 Pro
796 1425 865 1470 eo
908 1406 1258 1488 religiosior
1300 1407 1442 1489 eris‘,
1488 1427 1608 1488 quo
1653 1406 1892 1470 melior.

614 1508 993 1572 Praestabis
1023 1508 1400 1590 parentibus
1434 1509 1750 1590 pietatem,
1797 1508 2078 1591 coynatis
2121 1507 2521 1572 dilectionem.

617 1609 987 1675 Praestabis
1030 1611 1253 1674 amicis
1294 1610 1500 1693 fidem,
1547 1611 1838 1676 omnibus
1881 1611 2276 1692 aequitatem.

494 1719 575 1777 45
625 1712 859 1778 Pacem
900 1733 1043 1777 cum
1085 1713 1442 1777 hominibus
1485 1713 1754 1792 habebis,
1803 1712 2040 1793 bellum,
2067 1733 2210 1776 cum
2251 1713 2439 1777 vitiis.

617 1815 935 1880 Pecuniae
975 1816 1289 1896 imperare
1330 1820 1581 1898 oportet,
1623 1835 1754 1880 non
1795 1817 2044 1880 servire.

619 1917 907 1982 Pecunia
949 1918 1008 1981 si
1049 1919 1148 1980 uti
1188 1918 1370 1996 sciaS,
1418 1918 1656 1982 ancilla
1699 1921 1815 1996 est,
1859 1918 1918 1982 si
1959 1919 2219 1996 nesciaS,
2267 1918 2542 1982 domina.

618 2019 905 2085 Pecunia
946 2039 1077 2084 non
1118 2021 1315 2083 satiat
1356 2020 1723 2102 avaritiam,
1767 2021 1876 2084 sed
1915 2020 2160 2084 inritat.

621 2120 963 2187 Putandus
1004 2125 1093 2186 est
1132 2125 1289 2186 recte
1324 2121 1555 2202 fortior
1598 2123 1710 2204 qui
1735 2123 2117 2206 ,cupiditates
2159 2142 2352 2203 quam
2381 2121 2492 2203 qui
2539 2121 2762 2186 hostes

1655 2225 1897 2289 subicit.

502 2335 584 2391 50
631 2326 865 2391 Peiora
906 2331 1058 2391 sunt
1098 2331 1253 2391 tecta
1296 2327 1443 2390 odia
1489 2347 1681 2407 quam
1724 2331 1963 2409 aperta.

619 2427 972 2512 Propterea
1026 2432 1081 2493 te
1135 2429 1367 2509 loquaoe
1419 2430 1716 2493 inimicus
1757 2430 1970 2493 minus
2015 2447 2206 2509 quam
2250 2430 2605 2495 taciturnus
2649 2431 2755 2511 of'-

1651 2533 1871 2613 sendit.

632 2632 1009 2698 Proximum
1063 2634 1145 2698 ab
1200 2635 1560 2699 innocentia
1623 2638 1782 2698 tenet
1835 2635 2034 2699 locum
2096 2635 2443 2699 verecunda
2497 2636 2755 2716 peccati

1656 2736 1972 2816 confessio.

450 2980 715 3025 comens
748 2985 799 3021 v.
830 2964 1199 3023 436—449:
1232 2967 1289 3021 F
1313 2964 1435 3039 (T),
1481 2964 1739 3021 Proverb.
1769 2966 1936 3022 PRF
1959 2962 2124 3037 (EC),
2155 2964 2224 3021 M

445 3109 535 3155 tur
566 3102 725 3156 citius
756 3103 829 3173 F,
862 3101 952 3157 ubi
984 3117 1171 3163 omnes
1201 3110 1455 3175 peccant,
1500 3117 1624 3175 spes
1657 3101 1908 3175 querelae
1939 3098 2200 3173 (medelae
2229 3093 2562 3171 Froehlich)
2593 3100 2746 3156 tolli-

442 3194 533 3240 tur
553 3186 615 3240 T.
654 3186 745 3258 Cf.
762 3205 811 3243 v.
826 3185 971 3243 435.
1017 3180 1235 3242 'Omnes
1260 3203 1380 3242 cum
1404 3188 1632 3260 peccant
1647 3186 1878 3258 occulte,
1894 3186 2118 3260 peceant
2137 3188 2335 3242 iterum
2357 3186 2518 3241 citius
2532 3185 2748 3258 Meyer

617 3270 695 3327 36
744 3287 910 3327 unum
943 3288 1007 3327 ex
1038 3289 1196 3345 prop.
1231 3272 1387 3329 Vinc.
1404 3272 1476 3327 B.
1489 3287 1576 3344 sp.
1593 3274 1646 3329 d.
1661 3270 1723 3345 4,
1743 3272 1885 3343 106,
1911 3287 2075 3327 unum
2108 3288 2236 3343 sup.
2259 3288 2379 3328 scr.
2405 3270 2489 3326 vel
2519 3270 2664 3325 aliud
2691 3272 2752 3325 Ε

613 3372 676 3411 ex
709 3356 853 3430 negl.
887 3356 972 3412 vel
1004 3356 1297 3430 fragilitate
1328 3358 1385 3413 F
1553 3358 1632 3415 37
1678 3356 1752 3431 pl.
1783 3373 1913 3413 vero
1946 3365 2094 3413 metu
2138 3358 2301 3414 Vinc.
2334 3358 2498 3428 spsd.
2525 3354 2586 3424 4,
2615 3356 2741 3413 106

614 3440 693 3497 38
741 3441 989 3514 profecto
1034 3441 1169 3497 tales
1201 3443 1314 3498 FE
1357 3443 1510 3500 Vinc.
1554 3441 1627 3514 4,
1662 3442 1812 3499 106:
1860 3442 2112 3515 prosectu
2154 3441 2287 3498 tales
2330 3442 2417 3513 R,
2457 3440 2744 3515 profectus

447 3524 565 3580 talis
589 3526 645 3581 P
842 3526 921 3583 39
969 3522 1257 3604 deliberes]
1291 3528 1580 3601 providere
1611 3526 1774 3584 debes
1823 3528 1978 3584 Vinc.
2013 3528 2083 3583 B.
2119 3544 2206 3599 sp.
2238 3530 2292 3584 d.
2324 3527 2387 3598 4,
2421 3526 2539 3583 175
2834 3596 2842 3603 ⁶

444 3604 533 3686 ut]
565 3618 620 3667 et
648 3611 715 3667 M
744 3609 823 3667 25
982 3606 1131 3687 cum]
1170 3612 1317 3685 quod
1363 3614 1524 3669 Vinc.
1698 3611 1778 3667 41
1827 3608 2082 3689 propter]
2115 3613 2407 3687 praeter'L
2549 3618 2746 3667 contra

445 3698 617 3753 amico
648 3696 754 3753 PR
968 3695 1050 3753 43
1096 3695 1179 3751 44
1222 3698 1291 3753 M
1318 3698 1400 3755 30
1472 3732 1475 3735 -
1561 3764 1565 3768 ,
1626 3691 1999 3773 dilectionem]
2033 3698 2423 3771 indulgentiam
2453 3696 2518 3753 M

443 3779 525 3837 45
573 3781 643 3836 M
666 3780 758 3839 34Χ
920 3781 1001 3839 46
1048 3781 1118 3837 Μ
1143 3782 1222 3839 58
1405 3781 1487 3840 47
1532 3783 1760 3855 pecunia
1789 3782 1946 3839 FE'C
1991 3784 2145 3840 Vinc.
2173 3784 2246 3839 B.
2282 3799 2367 3854 sp.
2398 3784 2452 3838 d.
2487 3780 2549 3853 4,
2585 3780 2743 3837 144:

444 3868 725 3938 pecuniam
755 3866 861 3923 PR
1064 3869 1270 3923 nescias
1300 3868 1495 3925 PRE:
1525 3868 1701 3937 nescis
1732 3868 1789 3923 F
1831 3869 1988 3925 Vinc.
2191 3868 2272 3924 48
2318 3868 2588 3923 avaritiam
2618 3866 2753 3923 ΒΜ

448 3950 597 4007 101:
645 3953 860 4007 avaritia
890 3952 972 4025 P,
1016 3968 1231 4008 avarum
1260 3954 1401 4025 FE,
1433 3968 1623 4008 aurum
1657 3952 1700 4009 C
1895 3951 1976 4009 49
2022 3954 2091 4009 M
2117 3954 2219 4025 81,
2267 3954 2425 4011 Vinc.
2458 3953 2530 4008 B.
2565 3967 2652 4023 sp.
2685 3954 2741 4007 d.

450 4031 514 4104 4,
552 4032 686 4090 144.
722 4034 782 4107 5,
816 4035 895 4092 25
1110 4032 1334 4114 subicit]
1372 4039 1561 4094 vicerit
1606 4038 1761 4095 Vinc.
1796 4036 1855 4110 5,
1887 4036 1990 4109 25,
2021 4057 2099 4095 an
2129 4038 2368 4112 subigit?
2581 4052 2742 4109 quam

449 4118 541 4191 qui
572 4116 716 4176 MF:
764 4128 1035 4194 tamquam
1063 4123 1258 4193 PRE,
1305 4131 1423 4196 put.
1458 4131 1543 4178 est
1583 4122 1742 4179 fortis
1775 4125 1868 4196 qui
1907 4122 2102 4178 subicit
2139 4124 2262 4178 vitia
2294 4123 2446 4196 quasi
2478 4122 2665 4178 hostes
2701 4120 2748 4176 C

614 4204 712 4263 50.
761 4203 838 4261 51
888 4206 991 4263 EC
1033 4205 1191 4263 Vino,
1225 4208 1298 4262 B.
1333 4224 1421 4279 sp.
1456 4210 1512 4264 d.
1545 4207 1606 4279 4,
1645 4206 1786 4279 135,
1817 4208 1885 4264 Μ
1909 4206 1990 4265 52
2191 4209 2580 4282 ρθῐζηίοἰοείοτει
2610 4208 2739 4263 cod.

443 4289 638 4347 Paris.
669 4289 833 4347 4841
1013 4291 1135 4347 odia
1166 4309 1269 4347 om.
1320 4293 1479 4349 Vinc.
1652 4286 1969 4367 propterea]
2002 4294 2187 4366 itaque
2216 4293 2283 4349 M
2450 4294 2646 4348 tacitus
2678 4292 2749 4347 M

615 4374 693 4431 52
739 4375 801 4431 ab
846 4377 1153 4433 innocentia
1183 4376 1416 4433 PbRE:
1458 4376 1523 4431 ad
1565 4378 1927 4433 innocentiam
1959 4379 2018 4433 F
2058 4379 2210 4435 Vino.
2243 4379 2316 4432 B.
2349 4393 2432 4449 sp.
2465 4379 2520 4433 d.
2555 4376 2638 4449 5,
2660 4376 2740 4434 22
