2917 4950
469 287 554 351 26
1335 300 1887 350 PROLEGOMENA.

471 457 847 538 ediderunt,
907 477 1070 543 quos
1125 453 1290 520 duos
1345 463 1605 542 praeter
1650 453 2025 519 Fabricium
2076 455 2407 518 nominavi
2454 453 2761 538 editores,

472 544 886 624 Henricus
931 556 1391 645 Stephanus
1435 558 1627 622 annis
1676 556 1841 622 1564
1884 565 1949 620 et
1999 557 2182 638 1569,
2230 555 2301 620 in
2344 555 2759 641 Fragmentis

470 671 806 751 poetarum
863 669 1158 726 veterum
1213 658 1565 725 latinorum
1620 660 1751 724 iam
1794 679 1833 722 a
1877 658 2164 723 Roberto
2214 667 2399 744 patre
2443 658 2761 742 collectiS,

469 765 574 831 vir
617 755 821 830 sobrii
867 761 1121 846 iudicii,
1169 754 1410 849 quippe
1455 763 1567 849 qui
1610 763 1951 848 perpaucis
1994 759 2286 846 exceptis
2316 763 2763 850 acquiesceret

470 869 540 932 in
585 866 930 931 sententiis
973 865 1058 930 ab
1102 865 1379 930 Erasmo
1423 863 1747 948 evulgatis
1762 911 1781 946 ,
1840 873 1905 928 et
1960 863 2015 927 T
2032 862 2075 926 h
2088 884 2123 926 e
2136 884 2173 926 o
2187 861 2230 925 d
2244 883 2280 926 o
2299 887 2397 956 ru
2400 887 2431 928 s
2492 865 2549 930 Z
2571 864 2671 930 wi
2687 888 2761 928 n-
2801 919 2808 926 .

471 989 714 1053 gerus
759 952 928 1032 anno
978 965 1165 1048 1575,
1212 966 1325 1053 qui
1369 987 1520 1053 pag.
1552 966 1637 1031 62
1678 973 1903 1053 aperte
1946 965 2281 1052 professus
2328 979 2429 1032 est
2472 969 2761 1032 ‘minimo

470 1071 710 1154 myctio
753 1070 990 1138 ostmdi
1021 1088 1206 1152 posse
1246 1069 1411 1134 inter
1442 1067 1795 1133 Publicmo's
1835 1087 2051 1134 versus
2079 1089 2207 1132 non
2238 1089 2483 1150 paucos
2508 1070 2763 1152 spurios

469 1172 778 1256 reperiri&
803 1171 1039 1259 quibus
1063 1169 1287 1235 verbis
1308 1169 1773 1235 Panthaleonis
1804 1168 2159 1235 editionem
2185 1169 2447 1236 videtur
2466 1179 2763 1235 notasse.

471 1275 806 1360 Zwingeri
871 1295 1069 1361 opus,
1137 1271 1422 1337 ‘Morum
1478 1270 1890 1360 philosophia
1954 1273 2239 1358 poetica,
2314 1294 2399 1336 ex
2463 1281 2761 1338 veterum

469 1375 810 1463 utriusque
837 1375 1126 1460 ·linguae
1177 1382 1518 1462 poetarum
1570 1372 1893 1438 thesauris
1938 1373 2196 1440 XVIII.
2241 1373 2429 1439 libris
2477 1374 2763 1438 deducta

469 1477 672 1543 Basil.
722 1478 910 1543 15752
954 1498 1264 1561 magnum
1308 1474 1616 1541 volumen
1660 1484 1776 1558 est,
1823 1475 1997 1562 quod
2040 1476 2126 1540 ad
2165 1477 2346 1542 1621·
2370 1477 2759 1564 paginarum

469 1580 788 1646 ambitum
829 1578 1139 1664 accrevit,
1183 1599 1308 1642 nec
1348 1587 1590 1662 tamen,
1636 1587 1951 1665 quantum
1990 1579 2151 1660 vidi,
2198 1578 2366 1646 aliae
2396 1579 2763 1644 sententiae

471 1679 886 1748 continentur
941 1682 1072 1747 nisi
1131 1681 1575 1748 Erasmianae.
1665 1679 2025 1744 Nonnullas
2094 1679 2306 1745 editor
2369 1680 2760 1746 coniecturis

472 1785 817 1850 emendare
845 1794 1114 1850 conatus
1147 1792 1264 1865 est,
1309 1804 1415 1846 ex.
1446 1805 1545 1867 gr.
1577 1804 1642 1846 v,
1678 1782 1798 1847 187
1824 1782 2133 1864 feminam
2160 1787 2500 1863 maburam,
2538 1805 2611 1846 v.
2644 1783 2759 1848 321

471 1889 661 1952 demit
701 1892 772 1952 at
809 1888 948 1967 sibi,
996 1907 1182 1973 quas,
1228 1907 1378 1950 cum
1419 1885 1555 1948 sint
1594 1882 1838 1948 nullius
1882 1885 2111 1971 pretii,
2158 1887 2227 1950 in
2269 1895 2599 1972 apparatu
2644 1885 2758 1948 cri-

470 1991 602 2055 tico
645 1987 1027 2078 plerumque
1071 1987 1331 2053 silentio
1375 1985 1951 2072 praetermisimus.

638 2091 743 2156 De
799 2089 1203 2176 Dionysio
1261 2087 1732 2153 Godofredo
1790 2110 1999 2175 pauca
2044 2089 2402 2154 sufficient:
2464 2112 2627 2154 nam
2671 2091 2759 2153 in-

470 2194 640 2260 iuria
680 2186 854 2257 inter
895 2191 1168 2258 Publilii
1211 2189 1497 2257 editores
1538 2189 1838 2254 refertur.
1925 2191 1995 2255 Is
2041 2192 2236 2274 enim,
2284 2214 2430 2255 cum
2477 2190 2762 2258 Senecae

471 2294 842 2382 philosophi
887 2295 1086 2382 opera
1128 2315 1296 2380 quae
1340 2301 1571 2358 extant
1604 2293 1821 2357 omnia
1848 2315 1969 2358 sex
1998 2291 2441 2358 voluminibus
2473 2286 2761 2358 Basiliac

476 2397 642 2463 1590
684 2396 1020 2478 edidisset,
1066 2396 1136 2459 in
1180 2393 1310 2460 vol.
1357 2395 1480 2460 VI.
1524 2402 1815 2460 extremo
1859 2417 1969 2483 pg.
2002 2395 2337 2460 273—287
2385 2395 2761 2462 ‘Proverbia

471 2500 759 2567 Senecae’
823 2498 1096 2581 adiecit,
1151 2520 1234 2563 ne
1293 2496 1452 2586 quid
1509 2496 1991 2563 desideraretur
2004 2545 2024 2581 ,
2080 2496 2187 2562 vel
2242 2497 2416 2585 quod
2473 2500 2760 2564 incertae

425 2638 434 2645 ν
471 2601 878 2668 auctoritatis
932 2609 1124 2665 esset.
1210 2599 1316 2665 Ita
1371 2599 1621 2665 factum
1674 2608 1805 2681 est,
1865 2608 1939 2664 ut
1994 2602 2349 2665 sententias
2394 2600 2756 2687 pedestreS,

473 2726 637 2791 quae
680 2704 747 2768 in
793 2703 1078 2770 editione
1118 2712 1342 2768 nostra
1385 2701 1626 2767 litteris
1669 2700 2003 2767 inclinatis
2038 2722 2391 2789 expressae
2420 2713 2599 2785 sunt,
2646 2710 2759 2767 n‘ec

471 2807 707 2871 iambis
753 2804 1106 2888 clauderet,
1153 2825 1274 2868 nec
1303 2803 1599 2887 selectas,
1646 2803 1765 2869 sed
1807 2805 2149 2871 universas
2182 2805 2523 2890 reciperet,
2572 2810 2761 2892 prout

473 2932 580 2973 eas
635 2910 705 2972 in
760 2906 1096 2973 codicibus
1153 2906 1685 2992 ediqtionibusque
1740 2908 2018 2972 vetustis
2063 2916 2420 2994 repererat,
2478 2906 2759 2994 denique

471 3034 553 3076 ne
598 3008 1021 3097 interpolatas
1079 3008 1346 3095 quidem
1390 3030 1476 3072 ex
1518 3008 1803 3073 Senecae
1846 3007 1929 3074 de
1972 3008 2318 3074 clementia
2360 3008 2549 3073 libris
2598 3008 2758 3098 peti-

471 3124 574 3179 tas
618 3132 912 3177 resecare
953 3110 1244 3198 auderet.

645 3213 812 3279 Cum
857 3211 1224 3301 Stephanus
1271 3221 1336 3277 et
1380 3212 1769 3299 Zwingerus
1813 3214 1884 3277 in
1927 3212 2102 3279 viam
2146 3223 2389 3278 rectam
2432 3214 2525 3289 ab⁴
2565 3214 2757 3279 Eras-

473 3339 577 3383 mo
633 3323 1054 3381 monstratam
1071 3359 1090 3397 ,
1147 3336 1188 3378 a
1242 3337 1370 3401 qua
1411 3314 1816 3381 Panthaleon
1870 3315 2271 3400 decesserat,
2326 3316 2760 3395 reflexissent,

477 3442 626 3485 ecce
681 3418 806 3483 sub
859 3417 1056 3482 finem
1101 3416 1344 3483 saeculi
1390 3417 1582 3483 XVI.
1641 3419 1927 3482 Petrus
1984 3418 2375 3483 Pithoeus
2438 3411 2759 3497 denuo'in

474 3531 764 3586 veterem
828 3540 1112 3585 errorem
1177 3517 1469 3608 relapsus
1536 3528 1657 3585 est.
1747 3519 1931 3585 Sicut
1993 3530 2214 3585 autem
2270 3519 2759 3606 aegrotantibus

474 3623 678 3688 febris
713 3618 1026 3686 ¹recidiva
1078 3622 1348 3706 gravius
1387 3630 1627 3704 nocet,
1682 3622 1777 3687 ita
1818 3622 2077 3688 Pithoei
2133 3621 2503 3711 exemplum
2547 3630 2756 3709 poste-

474 3724 756 3790 rioribus
802 3722 1160 3794 editoribus
1206 3732 1458 3790 tantum
1503 3722 1805 3809 caliginis
1836 3724 2091 3807 offudit,
2137 3734 2211 3789 ut
2238 3747 2444 3811 usque
2472 3723 2559 3812 ad
2590 3723 2759 3788 hunc

476 3829 652 3893 diem
704 3828 988 3913 vestigia
1042 3827 1342 3891 veritatis
1399 3824 1692 3912 relegere
1742 3829 1985 3892 nemini
2042 3828 2410 3912 contigerit.
2500 3825 2759 3891 Scilicet

478 3951 552 3995 eo
606 3930 894 3993 maxime
947 3929 1258 4019 imposuit
1300 3927 1614 3995 Pithoeus
1670 3928 2049 4015 philologis,
2109 3927 2282 4015 quod
2336 3929 2754 4017 Epigram-

476 4041 684 4096 mata
753 4039 826 4095 et
880 4031 1281 4117 poematia
1347 4039 1623 4095 vetera
1678 4031 1951 4096 Parisiis
2010 4054 2289 4097 excussa
2340 4054 2381 4096 a
2434 4030 2756 4119 Dionysio

476 4132 791 4199 Duvallio
835 4154 1005 4196 anno
1037 4131 1216 4225 1590
1243 4131 1553 4219 pleraque
1597 4154 1681 4197 ex
1722 4134 2011 4220 antiquis
2043 4132 2376 4200 codicibus
2420 4155 2594 4199 nunc
2630 4131 2753 4220 pri·
2791 4188 2793 4190 ,

477 4258 687 4318 mum,
743 4234 874 4299 alia
927 4233 1370 4298 emendatiora
1414 4256 1487 4298 se
1532 4233 1819 4300 edidisse
1862 4236 1934 4299 in
1978 4236 2192 4300 fronte
2234 4236 2387 4301 libri
2432 4235 2752 4322 professus

479 4346 598 4421 est,
643 4360 776 4403 non
814 4345 1215 4422 arroganter,
1261 4336 1320 4401 si
1347 4335 1791 4421 anthologiam
1818 4338 1890 4402 in
1917 4338 2291 4403 universum
2326 4337 2749 4429 spectaveris:
