2917 4950
521 322 604 386 38
1389 330 1940 390 PROLEGOMENA.

522 493 680 578 quin
726 493 922 556 etiam
967 493 1271 557 inventus
1318 503 1438 576 est,
1486 494 1598 580 qui
1644 515 1728 558 ex
1774 493 2058 558 Senecae
2102 451 2509 578 dialogorum
2552 493 2711 558 libro
2738 493 2783 555 Ι.

526 594 638 680 (de
685 593 1152 680 providentia),
1205 594 1297 658 II.
1345 593 1459 680 (de
1504 598 1871 660 constantia
1914 595 2294 682 sapientis),
2339 595 2468 660 ΙΙΙ.
2513 595 2675 659 IIII.
2716 595 2784 656 V.

527 695 640 780 (de
683 697 806 782 ira)
853 695 1170 782 librisque
1216 696 1298 759 de
1344 695 1688 761 clementia
1717 696 1910 784 plane
1940 720 2180 762 novam
2210 698 2500 784 satisque
2529 695 2786 782 amplam

515 799 990 862 sententiarum
1037 797 1484 864 collectionem
1531 810 1909 886 excerperet
1955 822 2223 887 eamque
2264 822 2379 863 suo
2410 802 2552 864 iure
2581 799 2785 862 inscri-

521 899 707 963 beret
763 899 1119 964 Proverbia
1175 900 1480 966 Senecae.
1570 900 1881 966 Delectus
1937 900 2115 966 illius
2176 901 2290 986 (cf.
2350 900 2539 965 codd.
2602 900 2787 964 Paris.

524 1001 712 1065 6379.
759 1001 946 1066 6380.
992 1002 1182 1068 6384.
1227 1002 1397 1067 6390
1441 1025 1611 1072 saec.
1657 1003 1847 1068 XIV.
1896 1013 1959 1067 et
2004 1003 2187 1089 XV.)
2234 1005 2447 1090 prima
2492 991 2792 1067 sententia

523 1111 657 1167 est:
705 1103 782 1166 N
787 1125 868 1168 on
912 1107 1081 1186 quid,
1127 1106 1237 1169 sed
1264 1107 1786 1186 quemadmodum
1812 1107 1986 1186 seras
2015 1109 2271 1172 interest
2299 1107 2414 1192 (z
2442 1105 2523 1170 de
2555 1102 2791 1191 provid.

524 1207 587 1287 2,
623 1207 717 1290 4),
763 1204 994 1271 ultima
1038 1207 1233 1270 haec:
1296 1207 1509 1272 Venia
1555 1211 1643 1272 est
1672 1227 1916 1288 poenae
1959 1211 2217 1273 meritae
2259 1210 2543 1273 remissio
2592 1207 2698 1292 (=
2727 1205 2793 1268 de

529 1305 710 1370 clem.
760 1306 834 1389 2,
885 1309 945 1389 7,
997 1309 1098 1393 1);
1164 1307 1281 1370 sed
1324 1330 1406 1371 ne
1452 1309 1599 1394 quis
1644 1319 1994 1374 tractatum
2039 1310 2123 1374 ad
2169 1309 2559 1397 explendam
2603 1318 2792 1397 poste·
2887 1353 2893 1368 >.

524 1409 766 1472 riorem
822 1411 1291 1474 sententiarum
1346 1419 1596 1496 partem
1646 1409 1824 1496 (N-
1844 1411 1939 1497 V)
1988 1414 2419 1500 compositum
2464 1412 2677 1476 fuisse·
2710 1434 2793 1474 su-

530 1510 851 1594 spicetur,
905 1510 1301 1585 monendum
1347 1520 1445 1574 est
1489 1509 1725 1575 multas
1772 1511 1932 1576 alias
1978 1513 2229 1598 inesse,
2291 1536 2565 1601 quarum
2609 1514 2796 1601 prima

529 1611 732 1676 verba
776 1613 1099 1701 incipiunt
1141 1635 1181 1676 a
1223 1612 1463 1678 litteris
1510 1613 1763 1678 A-M,

701 1713 833 1780 Sed
892 1715 1202 1801 quamdiu
1255 1715 1377 1779 hae
1421 1715 1589 1778 duae
1633 1715 2131 1802 proverbiorum
2176 1717 2590 1784 collectiones
2637 1740 2793 1805 sepa·
2897 1731 2898 1761 ³

531 1817 722 1879 ratim
779 1817 1350 1900 describebantur,
1407 1815 1616 1881 altera
1669 1841 1871 1904 prave
1928 1819 2211 1884 Senecae
2265 1823 2619 1909 inscripta,
2674 1843 2796 1884 cum
2891 1853 2898 1884 ν

532 1925 703 1980 esset
748 1917 1120 1983 Publiliana
1177 1940 1381 2005 eaque
1435 1941 1554 2006 per
1608 1919 1902 1984 ordinem
1960 1920 2325 1986 litterarum
2383 1922 2702 2011 disposita
2748 1931 2798 1984 et

494 2017 777 2090 ,homini
831 2018 938 2082 vel
995 2019 1230 2085 leviter
1282 2019 1523 2085 litteris
1578 2021 1829 2086 imbuto
1885 2023 2247 2087 iamborum
2302 2026 2471 2089 ictus
2516 2025 2798 2113 prodenS,
2885 1995 2892 2043 l

530 2119 738 2182 altera
790 2120 874 2184 ad
931 2121 1225 2187 ordinem
1282 2121 1690 2207 dialogorum
1736 2123 2023 2188 Senecae
2068 2125 2357 2210 digesta,
2415 2126 2799 2212 longioribus
2891 2193 2892 2202 χ

514 2222 886 2286 ‘enuntiatis
944 2225 1265 2310 originem
1322 2224 1693 2312 pedestrem
1738 2247 1895 2312 prae
1941 2248 2009 2290 se
2054 2226 2293 2310 ferenS,
2360 2227 2638 2293 Publilii
2680 2250 2799 2291 sen·
2884 2203 2893 2343 l

532 2323 776 2388 tentiae
831 2325 917 2390 ab
976 2325 1497 2414 interpolationis
1556 2327 1798 2391 iniuria
1854 2326 2408 2394 defendebantur:
2470 2330 2589 2394 sed
2644 2339 2800 2418 pate·
2887 2388 2894 2407 ,

532 2426 708 2491 facta
754 2435 872 2511 est,
917 2437 991 2494 ut
1032 2429 1127 2493 ait
1171 2427 1537 2511 Terentius,
1571 2428 1856 2494 fenestra
1899 2429 2090 2513 malo,
2124 2431 2395 2497 simulac
2444 2435 2669 2499 extitit
2711 2431 2803 2519 qui
2889 2410 2898 2475 Ἀ

533 2530 914 2595 recentioris
972 2530 1323 2616 farraginis
1380 2532 1737 2596 sententias
1796 2534 1865 2595 in
1921 2533 2189 2598 brevius
2248 2535 2576 2621 redigeret
2636 2546 2697 2600 et
2736 2532 2805 2597 ad

534 2631 898 2697 litterarum
943 2633 1238 2698 ordinem
1283 2634 1679 2721 disponeret.
1769 2633 1985 2699 Huius
2018 2635 2227 2701 libelli
2255 2640 2593 2702 retractati
2627 2661 2700 2702 ea
2727 2644 2806 2699 est

537 2742 809 2799 externa
865 2738 1148 2840 species,
1208 2747 1281 2802 ut
1335 2736 1610 2822 incipiat
1652 2759 1692 2799 a
1737 2739 2085 2802 sententia.
2151 2738 2383 2804 Avida
2426 2746 2513 2804 est
2556 2738 2807 2823 periculi

535 2838 738 2901 virtus
783 2837 895 2920 (=
939 2815 1034 2901 de
1065 2839 1322 2924 provid.
1372 2839 1446 2923 4,
1495 2838 1607 2924 4),
1670 2838 1928 2903 desinat
1983 2841 2053 2903 in
2098 2840 2300 2931 verba
2356 2840 2645 2907 Πῐύἰοπίε
2687 2862 2806 2907 6οη-

521 2940 926 3029 mmliosum
965 2961 1163 3023 ymas
1205 2946 1307 3005 etc.
1357 2940 1471 3027 (=
1516 2939 1599 3003 de
1642 2942 1738 3004 ira
1781 2942 1854 3024 2,
1902 2942 2017 3024 32,
2064 2942 2168 3029 3),
2216 2926 2413 3007 sicuti
2459 2953 2557 3008 est
2604 2946 2808 3009 videre

540 3060 624 3102 ex
679 3039 1016 3104 codicibus
1062 3041 1376 3107 Parisinis
1420 3042 1609 3106 6385.
1656 3042 1844 3106 6631.
1934 3043 2107 3108 Vere
2168 3044 2431 3131 quidem
2485 3046 2557 3109 in
2604 3045 2809 3111 codice

541 3140 709 3205 8545
753 3141 1135 3206 adnotatum
1171 3134 1310 3206 est:
1356 3142 1489 3208 Hic
1530 3150 1678 3209 sunt
1720 3145 1855 3209 alia
1887 3147 2228 3227 proverbia
2258 3147 2542 3213 Senecae.
2612 3148 2810 3213 Avida

541 3248 630 3307 est
671 3248 774 3307 eto.
821 3244 1018 3308 immo
1071 3244 1142 3306 in
1196 3244 1418 3308 codice
1464 3245 1631 3309 8546
1677 3254 1985 3332 quattuor
2028 3248 2339 3334 opuscula
2381 3250 2548 3311 bene
2593 3250 2809 3313 distin-

537 3352 854 3429 guuntur,
913 3346 1064 3411 liber
1117 3348 1191 3411 de
1233 3348 1539 3427 moribus,
1584 3348 1925 3429 proverbia
1968 3348 2232 3414 Senecae
2288 3350 2619 3435 (metrica,
2680 3352 2721 3415 i.
2765 3371 2807 3411 e.

540 3444 810 3511 Publilii
841 3448 1253 3535 sententiae),
1300 3450 1665 3531 ‘parabolae
1694 3449 1959 3532 Senecae
1990 3451 2372 3535 philosoph?
2420 3451 2574 3518 Non
2615 3472 2805 3535 quem-

542 3549 882 3627 admodum
940 3550 1114 3630 feras
1177 3553 1429 3615 interest
1484 3554 1589 3615 eto.
1653 3549 1933 3637 denique
2001 3552 2293 3616 eiusdem
2360 3552 2568 3618 libelli
2624 3553 2813 3618 altera

544 3650 746 3716 editio
792 3649 1033 3715 ‘Avida
1076 3658 1164 3718 est
1193 3654 1468 3734 peric-uli
1508 3655 1711 3718 virtus
1754 3658 1885 3717 etc?
1974 3653 2220 3719 Verum
2266 3658 2380 3743 qui
2422 3665 2652 3742 postea
2681 3678 2810 3743 pro-

543 3753 771 3818 verbia
816 3752 1101 3819 Senecae
1151 3752 1669 3842 descripserunt,
1726 3754 1904 3819 haud
1948 3777 2095 3821 raro
2142 3760 2685 3823 commiscuerunt
2728 3756 2811 3819 di-

543 3876 771 3919 versae
824 3856 1204 3943 propaginis
1251 3857 1641 3941 sententias,
1703 3858 1815 3943 qui
1860 3879 1967 3921 eas
2012 3857 2391 3944 ediderunt,
2447 3850 2603 3925 hinc
2646 3859 2814 3923 illinc

547 3955 1040 4044 qualiacumque
1070 3958 1358 4045 arripere
1387 3957 1564 4021 haud
1609 3958 2097 4043 dubitaverunt,
2146 3960 2497 4029 dummodo
2530 3962 2662 4027 sibi
2689 3961 2810 4048 pla-

547 4068 786 4123 cerent.
872 4057 1106 4145 Itaque
1148 4059 1495 4125 molestum
1542 4070 1640 4125 est
1684 4062 1755 4125 in
1785 4062 2043 4147 singula
2071 4064 2421 4149 inquirere.
2496 4064 2812 4129 Monuisse

547 4160 705 4224 satis
752 4160 874 4224 erit
920 4160 1439 4246 interpolationis
1487 4162 1701 4227 fontes
1749 4166 2086 4250 primarios
2133 4165 2338 4230 fuisse
2381 4166 2809 4230 Pseudosene-

549 4284 691 4325 cam
745 4261 826 4325 de
880 4261 1201 4343 moribuS,
1264 4263 1615 4349 proverbia
1670 4286 1754 4329 ex
1811 4266 2093 4333 Senecae
2159 4265 2439 4352 dialogis
2497 4274 2810 4351 excerpta,

548 4363 839 4429 eiusdem
883 4362 1194 4452 epistulas
1236 4387 1314 4429 ac
1355 4365 1751 4451 tragoediaS,
1798 4367 2112 4435 Senecam
2149 4368 2496 4453 rhetorem,
2543 4365 2807 4433 Pseudo-
