2917 4950
498 265 618 330 102
818 353 827 358 .
1120 281 1433 329 PUBLILH
1481 280 1637 329 sirm
1685 279 2148 329 senmurum.

659 434 857 516 Quod
898 435 1130 500 timeas
1178 435 1369 499 citius
1415 456 1611 521 quam
1654 432 1830 521 quod
1876 455 2094 519 speres
2141 435 2382 499 evenit.

662 537 859 617 Quod
906 535 1049 600 vult
1093 535 1418 623 cupiditas
1466 535 1732 620 cogitat,
1779 557 1907 599 non
1953 533 2126 622 quod
2171 535 2378 602 decet.

663 637 1005 724 Quidquid
1051 639 1328 724 conaris,
1375 660 1502 725 quo
1547 638 1891 724 pervenias
1939 637 2212 722 cogites,

494 750 620 808 510
664 741 799 821 Qui
840 740 1007 804 bene
1052 739 1441 822 dissimulat,
1491 740 1684 803 citius
1730 738 1994 803 inimico
2038 748 2250 805 nocet.

664 842 859 922 Quod
905 835 1160 928 semper
1204 852 1304 907 est
1347 850 1670 929 paratum,
1717 862 1848 904 non
1891 861 2148 927 semper
2191 844 2396 907 iuvat.

667 944 1143 1030 Quodcumque
1188 942 1379 1025 celeS,
1427 946 1571 1030 ipse
1615 941 1742 1006 tibi
1785 941 1903 1006 fias
1951 947 2164 1007 timor.

664 1047 799 1129 Qui
841 1044 1294 1112 iusiurandum
1340 1054 1584 1129 servat,
1631 1046 1866 1132 quovis
1912 1045 2240 1133 pervenit.

662 1148 859 1230 Quod
902 1158 1081 1212 aetas
1128 1148 1365 1212 vitium
1408 1148 1646 1235 posuit,
1691 1155 1871 1210 aetas
1916 1146 2195 1211 auferet.

496 1259 617 1317 515
666 1251 1157 1337 Quemcumque
1203 1249 1458 1335 quaerit
1505 1247 1863 1332 calamitas,
1909 1247 2104 1312 facile
2147 1250 2421 1339 invenit.

666 1353 862 1435 Quod
905 1353 1101 1439 periit
1146 1352 1371 1438 quaeri
1416 1362 1588 1438 pote,
1634 1349 1942 1438 reprendi
1985 1373 2116 1416 non
2160 1361 2396 1438 potest.

664 1454 882 1536 Quam
926 1455 1237 1518 miserum
1282 1453 1570 1517 officium
1615 1461 1736 1534 est,
1783 1441 1956 1539 quod
1996 1474 2365 1519 successum
2395 1477 2533 1536 non
2567 1453 2804 1541 habet!

663 1554 880 1636 Quam
925 1556 1123 1620 miser
1166 1565 1286 1639 est,
1334 1557 1519 1620 cuius
1563 1556 1824 1641 ingrata
1867 1563 1966 1634 est
1989 1556 2495 1621 misericordia!

662 1657 879 1738 Quam
922 1657 1228 1720 miserum
1274 1667 1373 1722 est
1417 1659 1564 1743 cogi
1609 1657 1994 1742 opprimere,
2042 1679 2232 1745 quem
2279 1656 2542 1724 salvum
2593 1655 2802 1721 velis!
2900 1709 2901 1712 ,

494 1767 618 1829 520
664 1761 874 1842 Quem
919 1758 1093 1822 fama
1138 1758 1340 1823 semel
1384 1759 1733 1847 oppressit,
1778 1761 1898 1823 vix
1941 1761 2332 1825 restituitur.
2900 1745 2901 1750 ἵ

666 1860 863 1941 Quod
908 1862 977 1924 vi
1023 1861 1364 1946 contingit,
1411 1862 1534 1924 vix
1575 1859 1977 1948 voluptatem
2024 1862 2214 1948 parit.

663 1963 879 2044 Quam
922 1963 1230 2026 miserum
1273 1971 1394 2044 est,
1441 1962 1511 2027 id
1557 1961 1730 2049 quod
1776 1964 1965 2050 pauci
2010 1962 2255 2027 habent
2296 1963 2642 2029 amittere!

667 2065 802 2147 Qui
844 2065 915 2128 in
960 2085 1114 2128 vero
1162 2057 1439 2145 dubitat,
1486 2063 1666 2158 maie⁸
1699 2066 1840 2151 agit
1884 2086 2032 2128 cum
2078 2063 2422 2130 deliberat.

669 2166 803 2248 Qui
847 2167 1035 2230 timet
1076 2167 1377 2249 amicum,
1424 2168 1672 2231 amicus
1717 2175 1790 2230 ut
1832 2168 2060 2232 timeat
2104 2164 2314 2231 docet.

501 2276 622 2334 525
672 2268 847 2348 Quoi
892 2268 1050 2355 quid
1094 2267 1568 2333 vindicandum
1615 2277 1736 2351 est,
1783 2270 1990 2334 omnis
2036 2269 2283 2355 optima
2328 2278 2428 2334 est
2472 2268 2758 2335 occasio.

673 2370 890 2449 Quam
933 2370 1242 2434 miserum
1285 2370 1608 2434 auxilium
1653 2379 1771 2454 est,
1817 2370 1932 2436 ubi
1975 2381 2165 2436 nocet
2211 2369 2390 2458 quod
2433 2369 2758 2436 sustinet!

670 2471 804 2554 Qui
849 2482 999 2560 pote
1045 2471 1387 2548 consilium
1431 2471 1681 2559 fugere,
1725 2494 1957 2560 rapere
2001 2470 2180 2537 idem
2225 2481 2462 2560 potest.

496 2744 777 2795 ‘comens
822 2753 869 2791 v.
906 2734 1269 2792 501—568:
1316 2736 1373 2791 F
1398 2734 1502 2808 (T)

673 2871 789 2929 511
840 2874 986 2927 iuvat
1026 2871 1287 2943 Inyolst..·
1328 2872 1470 2927 vivat
1501 2870 1582 2935 F;
1631 2870 1714 2942 ef.
1759 2890 1809 2928 v.
1843 2870 1958 2927 572
2145 2869 2266 2927 512
2332 2872 2574 2929 Versum
2617 2870 2796 2927 omisit

504 2961 688 3021 editor
728 2958 962 3030 Inyolst.
1011 2959 1159 3013 unde
1206 2958 1365 3012 deest
1403 2960 1463 3013 in
1507 2956 1765 3014 omnibu-s·
1810 2957 2171 3013 editionibus,
2343 2952 2514 3033 celes]
2565 2958 2639 3013 de
2669 2969 2797 3009 eon-

502 3046 751 3099 iunetivo
782 3046 839 3097 in
871 3042 1128 3097 secunda
1156 3057 1412 3111 persona
1445 3041 1528 3113 cf.
1561 3059 1610 3097 v.
1647 3040 1802 3110 5303
1850 3040 2024 3097 caeles
2057 3042 2112 3095 F
2155 3037 2157 3041 ’
2249 3040 2393 3098 ’515
2441 3050 2796 3114 quoscunque

504 3146 551 3183 e.
587 3144 639 3199 q.
670 3124 706 3180 f.
740 3126 1012 3198 repperiet
1048 3126 1099 3180 T
1263 3124 1383 3183 516
1428 3127 1590 3199 periit
1621 3132 1676 3182 et
1703 3134 1834 3199 pote
1866 3126 2110 3182 Gruter.-
2158 3127 2333 3200 perit,
2365 3134 2552 3200 potest
2581 3126 2642 3182 F

504 3209 759 3285 reprendi
789 3209 1032 3282 Inqolst.
1062 3210 1386 3284 reprehendi
1418 3211 1477 3265 F
1625 3206 1764 3287 non]
1797 3210 1938 3267 haud
1973 3210 2210 3283 Inyolst.
2381 3210 2508 3267 ‘517
2557 3208 2790 3283 officium
2900 3204 2901 3207 ’

506 3303 589 3352 est
621 3294 868 3351 Gruter.-
913 3301 997 3351 est
1028 3294 1119 3351 off.
1152 3296 1224 3366 F,
1268 3293 1506 3351 officium
1537 3296 1777 3369 Inyolst.
1820 3299 1894 3351 At
1925 3296 2008 3368 cf.
2043 3314 2092 3352 v.
2127 3294 2264 3353 504.
2301 3295 2441 3353 518.
2477 3295 2622 3352 519.
2657 3288 2792 3362 522.

499 3380 644 3437 526.
692 3378 831 3436 546.
878 3378 1019 3436 549.
1068 3379 1207 3437 555.
1243 3379 1384 3439 560.
1422 3378 1564 3437 562.
1767 3379 1888 3437 518
1937 3381 2098 3435 miser
2137 3380 2400 3454 Inqolst..·
2441 3382 2697 3437 miserum
2727 3374 2792 3443 F,
2900 3424 2901 3443 2

506 3472 845 3537 corruptum
876 3482 955 3521 ex
986 3484 1034 3521 v.
1070 3464 1191 3522 519
1295 3529 1299 3534 .
1393 3466 1480 3521 cui
1513 3465 1729 3522 Gruter
1926 3466 2047 3522 mis,
2082 3471 2167 3521 est
2197 3464 2432 3539 Inyolst.
2465 3469 2632 3539 vulgo

506 3549 627 3607 519
676 3566 835 3623 quem
865 3551 1125 3623 Inqolst..·
1158 3566 1316 3623 quam
1347 3551 1405 3605 F
1415 3575 1433 3614 ,-
1478 3551 1560 3623 ef.
1595 3569 1642 3607 v.
1678 3548 1800 3607 359
1962 3548 2082 3605 521
2129 3545 2165 3583 *
2198 3552 2248 3606 νὶ
2278 3551 2549 3625 contingit
2582 3551 2692 3605 vix:
2739 3543 2785 3597 vi

506 3636 844 3709 contingitur
873 3635 944 3705 F,
978 3638 1129 3691 mala
1162 3651 1435 3707 caesura,
1469 3636 1554 3690 vix
1585 3636 1877 3709 contingit,
1909 3635 1992 3689 vix
2025 3634 2258 3707 Gruter,
2291 3636 2375 3691 vix
2407 3634 2700 3708 contingit,
2733 3634 2815 3693 ut.

508 3722 781 3791 Rothius,
824 3721 908 3776 vix
938 3720 1209 3793 contingit
1254 3737 1413 3794 quam
1458 3724 1607 3776 coni.
1637 3721 1691 3775 J.
1731 3718 1898 3791 Casp.
1937 3718 2207 3776 OrelliuS.
2299 3720 2390 3793 Cf.
2423 3739 2472 3779 v.
2508 3718 2628 3777 365

674 3805 797 3861 524
846 3806 938 3879 Cf.
970 3824 1019 3862 v.
1050 3803 1176 3861 540
1346 3798 1534 3881 docet]
1570 3800 1694 3859 facit
1725 3805 1910 3861 Bothe
2082 3803 2204 3861 525
2251 3803 2388 3871 Quoi
2421 3804 2550 3878 quid
2583 3798 2793 3870 scripsi

508 3906 635 3945 cum
667 3890 1000 3962 Ribbeckio,
1030 3906 1103 3946 ne
1136 3906 1339 3947 versus
1366 3892 1494 3947 loco
1524 3896 1879 3946 moveretur.-
1909 3889 2166 3963 quicquid
2196 3890 2267 3961 F,
2299 3891 2387 3946 cui
2418 3889 2546 3963 quid
2579 3888 2788 3945 Gruter

675 3975 850 4047 nomnis
895 3974 1140 4031 Gruter}
1183 3994 1284 4031 om.
1319 3976 1375 4029 F
1542 3967 1754 4031 occasio
1800 3984 1884 4031 est
1914 3973 2150 4049 Inyolst.
2201 3985 2260 4030 o:
2299 3976 2348 4031 ei
2391 3990 2504 4031 occ.
2551 3980 2634 4029 est
2662 3967 2787 4026 Rib-

510 4058 775 4128 beclciuS,
822 4073 874 4112 o.
908 4058 984 4113 illi
1029 4076 1141 4115 occ.
1177 4069 1261 4116 est
1299 4062 1357 4116 T.
1391 4061 1591 4117 Faber
1789 4058 1912 4116 526
1963 4057 2050 4133 Cf.
2085 4078 2135 4115 v.
2170 4058 2292 4116 555
2493 4056 2614 4115 527
2662 4058 2783 4129 pote

512 4145 757 4198 Gruter.-
786 4149 971 4215 potest.
1000 4144 1057 4199 F
1233 4144 1462 4201 consilio
1493 4144 1673 4201 furere
1705 4146 1888 4201 Bothe
2071 4139 2106 4177 '¹‘
2137 4161 2354 4217 rapere:
2385 4160 2575 4217 sapere
2609 4142 2674 4211 F,
2705 4152 2786 4191 0³·

508 4244 638 4301 pere
668 4230 815 4283 euni.
853 4228 1082 4284 Gruter.
1174 4229 1263 4301 Cf.
1292 4230 1411 4285 Jut.
1445 4229 1687 4300 Capitol.
1720 4228 1892 4288 Max.
1927 4237 1980 4285 et
2012 4229 2182 4286 Bate.
2217 4228 2253 4284 2
2299 4228 2548 4285 ‘consilia
2590 4223 2784 4299 rapien-

511 4312 605 4382 da,
650 4329 759 4367 non
805 4313 1151 4386 quaerenda',
1197 4313 1363 4369 Caee.
1413 4314 1580 4371 Balb.
1612 4312 1770 4371 Mon.
1807 4314 1918 4385 29,
1953 4312 1988 4369 2
2027 4332 2126 4387 pq.
2162 4312 2240 4371 29
2285 4311 2644 4369 ‘occasionem
2683 4318 2783 4363 non
