2917 4950
759 352 973 400 INTER
1015 351 1484 402 PUBLILIANAS
1529 349 1916 400 REcEP'rAE.
2371 335 2488 400 131

268 559 281 562 -
364 509 589 574 Potest
633 506 794 594 quid
839 528 982 572 esse
1026 508 1394 591 honestum,
1441 505 1616 593 quod
1660 528 1792 572 non
1835 505 2164 570 liberum?

291 689 298 694 ,
362 611 633 676 Praeter
692 631 954 675 causam
1015 609 1292 675 multum
1346 609 1557 673 amico
1619 607 1886 674 dabitur
1899 658 1918 692 ,
1976 607 2252 673 multum
2299 607 2498 671 etiam

1418 720 1644 777 contra
1687 710 1970 776 amicum
2015 711 2209 776 scias.

364 815 745 902 Principum
792 815 1074 880 saevitia
1117 814 1363 880 bellum
1408 824 1529 881 est.

362 917 634 982 Privata
678 914 903 982 studia
946 915 1287 1004 publicum
1332 925 1657 988 evertunt,
1682 917 1946 983 bonum.

180 1027 320 1086 300
362 1018 651 1084 Probare
696 1018 943 1083 amicos
989 1018 1263 1084 difficile
1310 1029 1409 1084 est
1450 1041 1522 1084 re
1564 1042 1896 1107 prospera.

362 1121 577 1209 Prope
623 1130 725 1187 est
766 1129 841 1186 ut
883 1119 1167 1186 libenter
1213 1120 1500 1206 damnet,
1547 1123 1660 1209 qui
1705 1124 1855 1189 cito.

363 1224 579 1312 Prope
626 1233 726 1288 est
770 1232 843 1289 ut
886 1246 1019 1288 non
1061 1246 1266 1311 aeque
1311 1225 1592 1308 damnet,
1642 1227 1752 1313 qui
1797 1226 2015 1290 nimis·

367 1325 667 1412 Pupillus
713 1334 813 1390 est
856 1347 1094 1390 avarus
1138 1328 1375 1393 aetatis
1421 1327 1667 1394 brevis.

366 1429 575 1492 Puras
621 1428 806 1513 dene,
854 1451 986 1493 non
1027 1428 1255 1513 plenas
1300 1430 1542 1518 aspicit
1587 1452 1840 1495 manus.

188 1537 322 1598 305
371 1531 558 1612 Quae
602 1530 1002 1615 defloruerit,
1045 1553 1129 1596 ne
1172 1533 1412 1600 iterum
1456 1543 1807 1619 quaeratur
1847 1555 2016 1598 rosa.

369 1633 557 1714 Quae
603 1642 701 1698 est
743 1654 849 1698 ars
895 1633 1225 1720 parandae
1268 1635 1638 1699 amicitiae?
1687 1635 1760 1701 Si
1804 1637 1908 1700 vis
1951 1636 2179 1717 amari,
2227 1657 2394 1699 ama.

370 1735 801 1816 Quaerendus
847 1759 1092 1802 cuneus
1138 1745 1239 1802 est
1282 1736 1492 1802 malus
1537 1747 1768 1803 trunco
1815 1737 2006 1806 malo·

368 1838 584 1919 Quam
627 1860 939 1924 magnum
986 1849 1086 1905 est
1128 1861 1261 1904 non
1300 1839 1557 1905 laudari
1603 1851 1667 1906 et
1712 1862 1856 1906 esse
1900 1839 2336 1904 laudabilem!

370 1941 584 2021 Quam
628 1962 823 2029 saepe
869 1943 1151 2024 veniam,
1198 1943 1311 2029 qui
1355 1951 1736 2028 negaverat,
1781 1943 1983 2031 petit!
2029 1966 2033 1970 ·

185 2051 341 2110 310⁶
370 2042 507 2123 Qui
548 2042 663 2107 alii
706 2042 1063 2127 maledicit,
1111 2044 1241 2110 sibi
1286 2045 1654 2111 convicium
1697 2045 1878 2110 facit.

373 2144 551 2225 Quid
600 2167 675 2210 eo
720 2145 1073 2230 infeliciuS,
1122 2149 1228 2212 cui
1272 2148 1405 2212 iam
1447 2147 1618 2214 malo
1665 2169 1810 2213 esse
1853 2168 2120 2213 necesse
2169 2146 2316 2212 est?

372 2246 556 2327 Quid
604 2257 705 2314 est
748 2248 1139 2313 beneficium
1185 2249 1391 2314 dare?
1436 2251 1684 2314 imitari
1729 2247 1944 2314 deum.
2054 2236 2059 2244 ’

371 2350 551 2430 Quid
596 2360 815 2438 potest
858 2350 943 2415 ab
990 2373 1065 2416 eo
1110 2353 1456 2439 quisquam
1501 2373 1784 2440 sperare,
1832 2373 2025 2439 quem
2069 2350 2312 2416 malum
2355 2373 2498 2416 esse

1420 2453 1693 2521 docuit?

377 2554 725 2643 Quidquid
757 2578 964 2643 aequo
1005 2556 1153 2644 plus
1182 2557 1476 2623 futurum
1509 2566 1628 2642 est,
1672 2558 1744 2621 in
1773 2567 2026 2645 partem
2057 2557 2501 2623 humaniorem

1419 2659 1665 2723 inclina
1709 2660 1817 2724 vel
1860 2660 2328 2748 praepondera.

194 2768 326 2827 315
380 2759 563 2841 Quid
608 2761 884 2849 quisque
927 2764 1156 2850 possit,
1202 2764 1336 2827 nisi
1378 2770 1628 2828 tentato
1671 2762 1927 2827 nesciit.

373 2863 557 2944 Quid
598 2866 804 2930 refert
850 2873 1160 2951 quantum
1190 2864 1486 2931 habeas?
1531 2864 1736 2931 multo
1782 2862 1947 2930 illud
1977 2864 2124 2952 plus
2157 2873 2277 2947 est,
2325 2864 2502 2951 quod

1420 2989 1552 3033 non
1594 2966 1821 3033 habes,

377 3068 514 3151 Qui
545 3078 815 3157 propter
842 3071 1157 3158 pecuniae
1187 3069 1295 3135 vel
1322 3069 1621 3135 libidinis
1653 3091 1936 3135 amorem
1966 3070 2262 3153 moritur,
2287 3078 2517 3136 ostenae

1184 3172 1284 3238 dit
1339 3188 1420 3236 se·
1453 3194 1809 3260 numquam
1853 3173 1956 3237 sui
2001 3194 2199 3239 causa
2227 3172 2500 3237 vixisse.

373 3384 493 3442 296
539 3386 609 3442 F.
645 3385 769 3443 Sen.
803 3385 961 3459 epist.
998 3386 1098 3457 66,
1137 3386 1212 3443 16
1382 3385 1504 3442 297
1550 3386 1658 3442 Ρη.
1815 3384 1936 3443 298
1987 3386 2086 3442 Ga.
2119 3383 2502 3459 (Principium

197 3469 504 3543 saevitiae)
537 3471 663 3529 Sen.
697 3470 763 3525 de
794 3470 949 3527 clem.
987 3470 1045 3543 1,
1078 3469 1139 3543 5,
1172 3470 1231 3527 2
1386 3470 1507 3527 299
1554 3471 1623 3526 F.
1787 3470 1914 3529 300
1961 3470 2044 3526 Gr
2075 3469 2132 3526 2.
2168 3470 2318 3528 Caec.
2350 3470 2498 3527 Balb.

197 3555 349 3611 Mon.
383 3554 494 3628 15,
527 3557 586 3627 6,
616 3573 708 3631 pg.
746 3554 848 3627 25,
879 3554 1003 3611 coll.
1036 3555 1102 3611 de
1134 3572 1270 3611 mor.
1306 3554 1385 3611 51
1590 3554 1732 3613 301.
1782 3554 1903 3613 302
1953 3557 2054 3613 Go.
2087 3554 2213 3612 Sen.
2246 3556 2314 3611 de
2343 3557 2499 3612 clem.

201 3643 263 3711 1,
302 3639 400 3713 1‘4,
432 3640 470 3697 3
629 3641 749 3699 303
796 3640 1058 3715 Scaliger.
1104 3640 1258 3697 Caec.
1291 3639 1439 3696 Balb.
1477 3638 1620 3696 Mon.
1657 3638 1758 3711 12,
1792 3640 1852 3713 3,
1882 3658 1976 3715 pg.
2011 3640 2090 3698 23
2235 3640 2360 3699 304
2404 3641 2501 3697 Ps.

196 3725 281 3780 Cf.
314 3742 479 3799 supra
508 3743 601 3801 pg.
637 3726 749 3797 90,
784 3726 819 3783 3
996 3725 1118 3783 305
1166 3725 1272 3783 Bo.
1305 3724 1380 3779 Ex
1410 3722 1700 3799 proverbio
1740 3742 1937 3799 graeco
1970 3744 2056 3801 ap.
2089 3724 2293 3781 Erasm.
2332 3725 2499 3799 Adag.

198 3810 263 3883 2,
301 3809 360 3881 6,
391 3810 475 3868 40
689 3810 810 3869 306
860 3810 922 3878 Q.
952 3810 1080 3871 Sen.
1114 3812 1277 3885 epist.
1312 3811 1384 3883 9,
1420 3810 1474 3867 6.
1519 3810 1742 3867 Martial.
1777 3812 1949 3885 epigr.
1983 3812 2042 3885 6,
2076 3811 2177 3883 11,
2214 3811 2292 3868 10

199 3895 324 3953 307
374 3896 483 3953 Bo.
517 3895 772 3952 Erasmus
807 3896 976 3971 Adag.
1016 3896 1084 3968 1,
1119 3896 1188 3969 2,
1221 3894 1257 3953 5
1292 3912 1355 3951 ex
1384 3896 1716 3970 Hieronymo
1755 3895 1820 3951 ad
1851 3895 2046 3953 Ocean.
2221 3894 2343 3954 308
2389 3898 2496 3967 Pn,

200 3983 273 4039 R.
308 3979 385 4036 Cf.
420 3998 585 4055 supra
624 3999 719 4056 pg.
760 3982 911 4055 100,
944 3981 1024 4040 65
1210 3980 1331 4039 309
1376 3983 1475 4038 Ps.
1511 3981 1644 4038 Sen.
1676 3980 1744 4037 de
1785 3982 1862 4037 ira
1895 3981 1965 4053 2,
1994 3980 2113 4054 34,
2143 3980 2201 4037 4.
2237 3980 2307 4037 cf.
2341 3982 2498 4039 Herc.

204 4066 313 4122 sur.
348 4065 510 4123 1267
659 4067 786 4125 310
831 4069 899 4123 F.
936 4068 1005 4124 De
1035 4084 1175 4123 mor.
1214 4065 1330 4124 115
1489 4066 1608 4123 311
1659 4066 1758 4124 Go.
1794 4066 1917 4123 Sen.
1949 4066 2016 4123 de
2047 4067 2212 4124 clem.¹
2240 4067 2296 4140 1,
2332 4067 2430 4139 13,
2464 4065 2501 4121 2

374 4151 495 4208 312
541 4153 650 4209 Pn.
684 4152 757 4208 De
798 4170 937 4213 mor.
969 4152 1049 4209 47
1084 4152 1209 4209 coll.
1242 4152 1367 4209 Sen.
1402 4151 1469 4207 de
1501 4151 1680 4208 benef.
1713 4152 1785 4225 3,
1822 4151 1898 4209 15
2073 4152 2194 4210 313
2243 4152 2342 4208 Go.
2378 4152 2502 4207 Sen.

198 4235 453 4293 declem.
491 4237 548 4308 1,
582 4236 685 4310 26,
722 4239 753 4293 1
930 4236 1055 4295 314
1104 4239 1200 4295 Go.
1236 4237 1360 4295 Seu.
1394 4238 1461 4294 de
1494 4237 1649 4294 clem.
1685 4238 1743 4309 1,
1778 4236 1836 4308 2,
1870 4236 1906 4293 2
2069 4236 2191 4294 315
2236 4238 2333 4294 Ps.
2367 4236 2496 4294 Sen.

201 4323 269 4379 de
300 4322 515 4396 provid.
539 4316 609 4395 4,
642 4322 679 4381 3
713 4326 1040 4397 temptando
1205 4323 1327 4381 316
1374 4324 1443 4379 F.
1479 4323 1606 4380 Seu.
1641 4340 1727 4397 ap.
1760 4322 1990 4379 Gellium
2026 4321 2128 4395 12,
2160 4321 2219 4394 2,
2257 4321 2330 4378 13

200 4408 327 4465 317
376 4409 475 4465 Ge.
509 4408 581 4465 De
612 4426 749 4465 mor.
786 4409 903 4465 119

2029 4508 2097 4555 90
