2917 4950
755 269 1111 357 .PUBLILH
1156 311 1315 358 SYRI
1361 308 1826 358 SENTENTIAE.
2239 333 2244 336 -
2338 292 2456 354 111

148 487 293 525 prov.
354 465 479 530 Vix
521 465 859 546 quisquam
903 465 978 528 in
1022 464 1251 528 bonum
1301 463 1433 526 nisi
1475 483 1551 527 θα)
1591 463 1759 527 malo
1803 461 2052 526 transit.

154 576 191 631 1
204 575 288 632 31
355 567 467 632 Vis
510 567 807 631 omnibus
841 567 966 630 esse
1007 564 1237 630 notus?
1268 566 1459 647 prius
1503 563 1690 647 effice,
1735 564 2158 630 utneminem
2195 563 2456 626 noveris.

351 668 463 733 Vis
516 668 743 732 habere
799 666 1145 736 honorem?
1208 667 1367 731 dabo
1412 666 1527 730 tibi
1569 685 1874 748 maynum
1914 666 2250 748 imperium
2265 685 2286 727 .·
2339 665 2458 727 im-

1376 788 1543 850 pera
1585 767 1716 832 tibi.
1997 851 2000 859 Ι
2240 777 2250 780 “

350 871 508 936 Vide
549 873 607 936 si
650 871 855 936 adhuc
896 870 1105 934 malus
1146 889 1226 949 es,
1273 874 1331 934 et
1369 870 1682 935 similibus
1712 889 1924 951 parce.

351 973 585 1042 Verum
626 975 685 1038 si
726 993 852 1038 csse
894 973 1127 1050 desisti,
1176 991 1373 1054 Quare
1416 972 1568 1037 aliis
1611 971 1810 1036 locum
1853 971 2304 1034 emendationis
2347 969 2456 1038 ab·

1378 1072 1635 1138 scidas?

154 1183 288 1241 135
352 1177 595 1242 Vitium
634 1177 764 1256 fuit
793 1177 987 1258 prius
1030 1176 1379 1240 adsentatio
1392 1225 1409 1254 ‚
1453 1195 1626 1240 nunc
1666 1194 1799 1239 mos
1840 1171 1948 1239 est.

352 1279 586 1344 Verum
628 1299 759 1343 non
800 1279 1085 1356 dicimus,
1130 1298 1210 1342 ne
1252 1277 1615 1342 audiamus.

350 1380 541 1446 Utilis
584 1381 867 1445 educatio
910 1384 968 1444 et
1008 1380 1348 1462 disciplina
1389 1397 1592 1442 mores
1629 1378 1802 1458 facit,
1888 1377 1901 1401 ¹

340 1483 507 1547 unde
551 1483 715 1547 bona
758 1483 1129 1546 consuetudo
1174 1485 1448 1546 excutere
1491 1481 1676 1559 debet,
1724 1481 1892 1563 quod
1930 1479 2107 1544 mala
2135 1480 2455 1544 instruxit.

351 1585 636 1650 Viriliter
674 1585 851 1665 seras
894 1604 1057 1665 quae
1098 1603 1335 1648 necesse
1376 1587 1498 1662 est,·
1542 1582 1718 1646 dolor
1760 1583 1928 1646 enim
1959 1582 2280 1664 patientia
2319 1583 2458 1646 vin·
2523 1616 2572 1671 --

1379 1686 1564 1749 citur.

157 1793 290 1852 140
350 1787 555 1852 Verba
596 1788 798 1867 rebus,
844 1809 975 1853 non
1005 1789 1299 1871 personis
1340 1781 1705 1868 accipienda
1747 1790 1912 1851 sunt.

349 1890 530 1955 Vires
573 1894 719 1954 tuas
762 1891 956 1955 amici
999 1890 1324 1972 beneficiis,
1370 1888 1618 1952 inimici
1657 1889 1924 1953 iniuriis
1965 1888 2257 1952 sentiant.

350 1991 501 2059 Vita
544 1993 748 2056 omnis
792 1992 993 2056 brevis
1035 1997 1155 2070 est,·
1198 1993 1335 2056 ideo
1376 1991 1824 2055 immortalitas
1865 1994 1954 2071 est
1984 2009 2154 2054 mors
2181 1989 2454 2054 honesta.

347 2093 465 2158 Vir
507 2098 597 2158 est
637 2094 851 2172 bonus,
900 2094 1012 2174 qui
1052 2095 1417 2180 intantum
1450 2093 1755 2174 perduxit
1803 2093 2096 2157 animum
2136 2110 2343 2169 suum,

334 2199 409 2260 ut
448 2215 579 2260 non
620 2196 801 2259 modo
845 2195 1004 2259 nolit
1033 2215 1315 2278 peccare,
1359 2195 1470 2258 sed
1509 2181 1700 2258 etiam
1739 2213 1871 2258 non
1903 2194 2123 2276 possit.

164 2303 293 2361 145
353 2296 437 2363 Ut
480 2297 729 2378 aliquid
770 2298 923 2361 auri
966 2297 1392 2376 extrahamus,
1439 2301 1644 2361 terras
1674 2285 2152 2389 pervertimus,-

158 2541 433 2585 comcus
466 2524 722 2582 Proverh.
757 2524 921 2583 PRF
948 2522 1106 2600 (EC),
1136 2526 1207 2581 M

166 2644 286 2716 64,
329 2641 462 2702 Joiz.
506 2644 744 2702 Saresb.
778 2646 1013 2701 Enthet.
1059 2646 1163 2701 sub
1203 2648 1304 2717 fin.
1346 2645 1582 2700 Auctor.
1625 2658 1784 2715 spec.
1816 2660 1958 2699 mor.
1994 2643 2066 2713 3,
2103 2642 2161 2714 7,
2195 2641 2231 2697 2
2275 2642 2458 2698 Hiero

158 2724 461 2806 [κριτικῇ.-
502 2746 582 2785 av.
614 2738 656 2787 t.
687 2730 739 2786 d.
776 2738 885 2786 etc.
978 2728 1195 2803 Gfi-py.
1228 2728 1305 2785 15
1350 2728 1505 2784 deest
1545 2726 1654 2799 (vel
1697 2726 1841 2799 dest)
1873 2728 2008 2783 Sen.
2043 2727 2232 2795 Quint.
2263 2727 2318 2782 J.
2350 2726 2458 2782 Sa·-

159 2815 339 2871 resb..·
370 2833 476 2871 om.
511 2815 569 2869 F
704 2832 863 2888 quam
895 2816 1093 2870 misero
1124 2814 1269 2887 quod
1301 2812 1357 2867 F
1525 2813 1649 2870 130
1690 2811 1892 2867 bonum
1924 2810 2027 2867 FC'
2073 2813 2231 2869 Vino.
2265 2812 2338 2866 B.
2362 2816 2454 2882 sp.

74 2940 82 2943 -
159 2902 218 2956 d.
253 2900 325 2971 5,
360 2898 467 2963 15;
509 2898 657 2955 bono
691 2900 793 2956 PR
997 2900 1114 2957 131
1182 2900 1338 2957 Vinc.
1369 2899 1443 2956 B.
1490 2914 1579 2971 sp.
1611 2899 1666 2953 d.
1702 2896 1762 2968 5,
1796 2897 1872 2954 67
2071 2888 2178 2973 vis]
2211 2897 2258 2951 si
2288 2897 2366 2951 vis
2394 2894 2466 2949 M

160 2984 245 3041 37
422 2982 543 3040 132
591 2985 857 3040 honorem
887 2985 993 3041 PR
1042 2985 1199 3042 Vino.
1243 2985 1393 3039 Bell.
1438 2999 1528 3054 sp.
1567 2984 1622 3039 d.
1669 2982 1740 3053 4,
1777 2981 1926 3038 125:
1973 2982 2182 3037 honore
2223 2981 2306 3052 F,
2350 2996 2458 3035 ma-

160 3086 332 3143 gnum
365 3069 628 3125 honorem
661 3070 719 3125 E
897 3069 966 3125 do
1016 3070 1173 3126 Vinc.
1379 3067 1500 3125 133
1547 3086 1651 3125 om.
1687 3068 1742 3121 F
1917 3066 2077 3121 simili
2107 3065 2203 3122 tibi
2232 3067 2287 3122 R

163 3153 290 3209 134
337 3172 444 3213 om.
477 3154 535 3208 F
702 3171 885 3210 verum
915 3156 970 3211 Β
990 3180 1005 3209 .·
1036 3155 1211 3209 virum
1242 3152 1299 3207 P
1436 3153 1624 3209 desisti
1655 3152 1772 3208 Pb.-
1815 3151 2023 3208 desiisti
2054 3152 2165 3223 Pa,
2196 3151 2372 3206 disisti
2402 3151 2457 3206 Β

314 3238 555 3294 abscidas
584 3239 760 3296 PbR:
790 3238 1031 3295 abscides
1066 3238 1151 3293 Pa
1328 3236 1446 3305 135
1493 3239 1644 3311 prius
1679 3237 1779 3292 fuit
1808 3237 1866 3291 F
1894 3224 1919 3268 '¹
2011 3235 2311 3291 adsentatio
2343 3235 2458 3290 Pb.-

162 3324 459 3400 assentatio
493 3323 667 3394 PaF,
710 3322 1014 3379 absentatio
1044 3324 1098 3380 Β
1247 3335 1251 3339 ’
1318 3322 1438 3379 136
1486 3339 1554 3377 ne
1595 3322 1874 3377 audiamus
1905 3320 1994 3376 Pa
2036 3337 2192 3377 corr.
2228 3336 2350 3376 rec.
2380 3336 2452 3374 m.

158 3405 326 3465 Pho.-
357 3424 459 3463 nee
486 3408 763 3464 audiamus
794 3409 901 3479 Pa,
938 3425 1005 3463 ne
1036 3408 1279 3462 audimus
1310 3407 1398 3479 Β,
1431 3423 1534 3462 nee
1562 3406 1806 3462 audimus
1838 3406 1908 3460 F.
1997 3404 2088 3477 Cf.
2122 3405 2257 3461 Sen.
2292 3407 2456 3476 epist.

162 3492 269 3564 29,
306 3493 338 3548 1
374 3492 598 3548 ‘Verum
628 3492 766 3548 nulli
796 3494 899 3548 nisi
927 3493 1181 3548 audituro
1212 3492 1498 3547 dicendum
1531 3492 1660 3546 est’.
1850 3489 1968 3546 137
2017 3489 2263 3545 educatio
2296 3488 2358 3545 M
2389 3488 2456 3545 2:
2518 3538 2522 3545 ,

162 3576 411 3633 edocatio
456 3580 621 3634 codd.
663 3580 798 3634 dett.
832 3577 926 3650 M,
960 3577 1172 3633 edoctio
1205 3576 1373 3633 PRF
1577 3576 1743 3631 moris
1774 3574 1831 3629 P
2040 3574 2158 3631 138
2204 3574 2461 3630 instruxit

160 3662 288 3734 PF,
320 3662 389 3717 M
414 3662 482 3717 2:
514 3664 736 3718 instruit
764 3664 840 3733 Β,
872 3663 1100 3719 incussit
1130 3666 1299 3733 vulyo
1477 3660 1594 3717 139
1642 3653 1896 3735 viriliter]
1930 3654 2162 3715 libenter
2189 3658 2258 3715 M
2284 3659 2320 3715 6

162 3763 303 3821 quae
334 3747 439 3803 PR
458 3772 473 3801 .-
506 3764 609 3821 qua
641 3740 713 3820 F}
753 3747 898 3820 quod
931 3748 995 3803 M
1194 3746 1353 3802 dolor
1382 3746 1476 3801 M:
1507 3743 1787 3801 doloribus
1820 3744 1986 3801 PRF
2179 3744 2344 3798 vineit
2376 3741 2459 3797 Pb

336 3830 461 3889 140
505 3832 569 3887 M
602 3832 678 3889 13
850 3848 949 3905 pro
981 3831 1142 3887 rebus
1174 3848 1283 3887 non
1314 3848 1415 3905 pro
1446 3832 1596 3886 sonis
1629 3830 1674 3886 C
1852 3827 2176 3883 aestimanda
2206 3828 2286 3883 M.
2364 3826 2454 3899 Cf.

164 3917 300 3981 Seu.
333 3921 497 3989 epist.
536 3916 635 3988 12,
671 3918 744 3972 11
783 3914 908 3972 ‘nee
938 3916 1067 3990 quid
1099 3916 1309 3971 dicatur
1338 3916 1653 3986 aestimant,
1697 3914 1791 3969 sed
1823 3930 1851 3968 a
1881 3912 2037 3987 quo'.
2243 3909 2359 3967 141
2410 3930 2456 3967 ν.

161 4010 205 4057 t.
240 4004 410 4075 magis
454 4019 502 4057 a.
535 4000 586 4056 b.
621 4018 777 4075 quam
823 3996 1051 4077 [inimici
1098 4002 1259 4059 Vino.
1290 4003 1363 4057 B.
1395 4017 1482 4072 sp.
1515 4001 1566 4055 h.
1603 3999 1672 4071 9,
1708 3997 1861 4070 102,
1895 4016 1998 4054 om.
2031 4013 2118 4069 sp.
2150 3999 2206 4053 d.
2239 3996 2312 4069 4,
2341 3990 2455 4072 46]

159 4087 369 4143 iniuriis
400 4089 638 4143 sentiant
667 4086 736 4143 M
766 4086 887 4143 100
1092 4084 1210 4141 142
1258 4086 1431 4141 omnis
1464 4085 1600 4141 ΡΒ.·
1635 4085 1877 4151 ,hominis
1908 4083 1982 4155 F,
2014 4099 2120 4138 om.
2155 4082 2200 4139 0
2375 4083 2456 4136 in-

158 4172 406 4227 mortalis
442 4172 493 4226 R
712 4169 833 4228 143
876 4170 1135 4245 produxit
1177 4172 1340 4227 codd.
1388 4176 1518 4226 vett.
1551 4169 1616 4225 M
1647 4168 1769 4226 140
1987 4166 2106 4222 144
2150 4166 2322 4239 nollet
2351 4167 2458 4222 PR

165 4254 288 4313 145
332 4257 714 4313 contrahamus
760 4256 921 4313 Vino.
962 4257 1036 4311 B.
1079 4272 1164 4327 sp.
1209 4257 1262 4314 d.
1298 4254 1369 4326 5,
1403 4254 1481 4311 61
1679 4256 1850 4310 ter‘ras
1881 4252 1996 4309 RF
2036 4253 2220 4310 Vino„-
2262 4259 2458 4307 terram

159 4340 331 4414 Pac,
365 4350 507 4397 terra
536 4342 623 4399 Pb
793 4342 1152 4416 pervertimus
1183 4339 1405 4396 PaRG:
1443 4348 1814 4413 pervertamus
1846 4340 1917 4410 F,
1959 4336 2318 4393 subvertimus
2351 4337 2456 4408 Pb,
