2917 4950
1023 329 1573 405 PitOLEGOMENA.
2355 313 2440 379 43

155 482 372 546 nensis
422 505 506 548 ex
549 482 839 572 pleniore
884 481 1241 571 exemplari
1286 482 1467 548 ducti
1503 504 1669 566 esse,
1711 481 1946 569 reliqui
1978 483 2445 572 sententiarum

154 582 436 672 amplius
483 580 744 650 centum
787 587 1104 650 iacturam
1149 585 1403 650 fecisse.

319 687 693 753 Occurrunt
737 697 953 752 tamen
985 686 1211 770 multa,
1259 709 1425 774 quae
1455 685 1826 769 admonent,
1872 696 1946 751 ut
1976 688 2445 774 circumspecto

151 789 398 854 iudicio
459 798 747 854 utamur:
807 811 872 853 v.
918 791 999 854 37
1045 789 1130 854 ad
1175 790 1450 855 verbum
1495 789 1671 853 idem
1717 798 1816 853 est
1860 811 2009 854 cum
2051 789 2445 854 Terentiano

151 892 446 955 Andriae
490 893 553 974 3,
599 893 660 974 3,
705 893 811 974 23,
857 914 1090 957 versus
1131 893 1234 976 84,
1281 891 1537 956 litterae
1580 893 1647 957 Β
1688 891 1979 974 ultimuS,
2026 893 2300 956 omissus
2347 901 2447 956 est

94 1021 100 1034 ·
150 994 216 1056 in
270 993 780 1060 Vindobonensi
845 1003 909 1058 et
968 993 1053 1074 ad
1106 994 1467 1059 Martinum
1530 994 1959 1058 Dumiensem
2023 991 2443 1076 referendus;

152 1105 492 1182 suspectus
545 1099 688 1184 ipse
728 1095 943 1178 locUS,
1003 1118 1128 1184 quo
1171 1097 1242 1160 in
1283 1096 1425 1162 FV
1457 1095 1558 1160 illi
1602 1118 1830 1160 versus
1875 1095 2224 1183 perscripti
2268 1104 2440 1177 sunt,

151 1198 216 1259 in
270 1197 406 1261 fine
465 1197 718 1262 scilicet
775 1197 1137 1262 litterarum
1183 1199 1437 1262 A—M.
1527 1199 1873 1262 Praeterea
1916 1198 1986 1261 in
2028 1197 2151 1260 hac
2196 1197 2442 1261 codicis

152 1292 602 1385 Frisingensis
656 1299 1020 1387 appendice
1049 1297 1204 1365 'tres
1249 1310 1591 1365 recurrunt
1646 1301 2040 1381 sententiae,
2098 1321 2256 1386 quas
2304 1321 2441 1362 eas-

153 1401 298 1464 dem
357 1401 671 1467 librarius
729 1403 864 1474 iam,
905 1425 1102 1489 supra
1127 1395 1528 1490 scripserat:
1586 1426 1649 1468 v.
1698 1403 1780 1468 89
1822 1395 2140 1486 integrior
2182 1409 2333 1466 ante
2376 1422 2443 1463 v.

156 1503 290 1586 107,
340 1527 407 1568 v.
460 1505 582 1568 182
627 1504 1030 1570 emendatior
1073 1514 1222 1591 post
1265 1527 1329 1568 v.
1382 1505 1524 1588 193,
1571 1528 1636 1569 v.
1668 1505 1793 1570 248
1837 1506 2097 1586 iterum,
2143 1502 2260 1568 sed
2306 1524 2442 1567 cor-

43 1684 50 1693 ,
149 1615 376 1692 ruptus
426 1604 670 1690 legitur
710 1616 858 1693 post
889 1630 952 1672 v.
984 1607 1130 1671 262.
1219 1605 1406 1671 Alias
1439 1608 1797 1671 sententias
1840 1608 1910 1670 in
1940 1604 2273 1670 codicibus
2304 1627 2442 1668 mu-

153 1707 353 1772 tilatis
414 1717 710 1772 servatas
769 1709 986 1773 scriba
1031 1709 1507 1794 Frisingensis,
1569 1731 1712 1772 cum
1770 1709 1905 1772 suis
1964 1706 2121 1771 locis
2170 1707 2330 1794 quo's
2376 1707 2445 1770 in

151 1808 279 1872 illis
325 1810 630 1874 obtinent
671 1809 1089 1895 neglegentia
1133 1812 1637 1896 praetermisset,
1682 1809 1835 1875 huic
1878 1808 2229 1895 appendici
2273 1809 2443 1872 inse-

154 1913 311 1994 ruit,
372 1935 440 1977 v.
485 1913 568 1976 47
627 1911 799 1976 inter
855 1933 919 1974 v.
969 1913 1049 1977 79
1095 1921 1159 1976 et
1203 1914 1317 1995 80,
1376 1935 1440 1976 v.
1489 1913 1612 1976 217
1671 1914 1845 1976 inter
1904 1934 1969 1974 v.
2015 1911 2142 1976 225
2187 1919 2251 1974 61;
2294 1910 2442 1992 226,

155 2035 214 2074 v.
258 2013 385 2077 241
433 2015 608 2077 inter
651 2035 714 2077 v.
761 2014 887 2079 263
933 2023 997 2078 et
1039 2015 1187 2096 264,
1240 2037 1306 2077 v.
1352 2015 1479 2079 233
1523 2017 1694 2079 inter
1739 2036 1803 2077 v.
1849 2013 1974 2077 276
2020 2022 2103 2077 et.
2126 2013 2273 2077 277.

320 2116 393 2182 Si
450 2117 733 2202 denique
791 2139 1098 2202 quaeras,
1156 2139 1311 2181 num
1367 2137 1436 2180 se
1494 2115 1947 2180 commendent
2001 2117 2182 2200 ipsae
2225 2113 2449 2202 lepore

156 2225 259 2280 aut
304 2217 574 2282 dicendi
617 2239 892 2302 genere,
938 2217 1132 2302 longe
1175 2217 1488 2305 plurimas
1534 2217 1895 2284 simillimas
1944 2205 2085 2280 cs'se
2130 2215 2442 2281 Publilia-

159 2317 253 2380 nis
312 2319 510 2383 facile
566 2317 1052 2383 concedendum
1100 2329 1233 2402 est,
1290 2321 1384 2384 ita
1426 2330 1683 2403 tamen,
1740 2329 1813 2384 ut
1855 2316 2203 2383 nonnullae
2246 2320 2443 2382 inter-

161 2431 453 2506 currant,
500 2443 666 2509 quae
708 2422 1138 2510 paraphrases
1184 2423 1655 2489 sententiarum
1698 2423 2114 2488 metricarum
2160 2443 2303 2487 esse
2346 2421 2441 2486 vi-

162 2520 455 2593 deantur.
545 2524 884 2589 Sententia
927 2526 1027 2591 83·
1056 2548 1160 2589 ex.
1206 2548 1305 2611 gr.

645 2685 810 2779 Bene
853 2686 1057 2745 audem
1100 2686 1348 2745 alterum
1379 2686 1812 2760 patrimonium
1854 2690 1951 2743 est.

161 2828 386 2895 ultima
427 2830 684 2897 litterae
726 2833 854 2897 Β
838 2856 907 2898 1n
952 2832 1094 2896 cod.
1141 2832 1204 2896 V
1206 2830 1342 2896 md
1389 2853 1585 2939 quam
1628 2829 2035 2897 Ribbeckius
2079 2831 2254 2944 inter
2296 2852 2442 2915 pro-

163 2928 342 2997 batas
386 2932 640 2999 rettulit
683 2936 780 2999 sic
824 2934 1233 2999 emendatam

501 3093 664 3152 Bene
713 3088 923 3173 [vulgo]
973 3095 1149 3153 audiv·
1151 3112 1178 3153 c
1221 3100 1303 3153 est
1347 3096 1593 3153 alterum
1624 3096 2073 3169 patrimonium,

163 3234 602 3327 interpretatio
658 3242 874 3329 potius
921 3262 992 3304 v:
1032 3240 1155 3305 217
1203 3239 1482 3305 dicenda
1526 3244 1669 3307 erit.
1758 3241 1862 3306 Of.
1914 3264 2138 3306 versus
2192 3263 2445 3327 quoque

165 3358 222 3399 v.
270 3342 387 3404 141
448 3350 513 3405 et
555 3340 636 3405 v.'
672 3343 825 3425 165,
871 3342 1140 3408 ultimus
1195 3341 1452 3408 litterae
1497 3343 1580 3411 E.
1671 3344 1893 3425 Quare
1947 3346 2043 3408 sic
2100 3345 2440 3407 existimo:

167 3440 700 3508 vindicandas
761 3463 938 3509 esse
1003 3446 1142 3509 has
1211 3447 1673 3510 sententias
1731 3444 2126 3527 Publilio,
2196 3444 2445 3508 donec
2528 3492 2533 3499 .

166 3553 290 3607 aut
337 3547 700 3611 externis
746 3556 881 3611 aut
925 3548 1275 3613 internis
1317 3550 1810 3635 argumentis
1839 3548 2231 3635 probetur
2264 3568 2441 3610 con-

167 3648 523 3731 trarium3
570 3646 946 3734 praevalere
991 3649 1254 3735 quidem
1292 3650 1889 3738 praesumptionem
1918 3651 2190 3735 originis
2221 3647 2443 3713 Publi-

170 3741 372 3811 lianae
387 3798 405 3830 ,
465 3748 582 3813 sed
638 3750 978 3814 librarium
1037 3751 1282 3815 codicis
1329 3751 1419 3833 F,
1447 3805 1452 3812 .
1481 3773 1628 3823 cum
1674 3774 1758 3815 ex
1803 3751 2057 3816 duobus
2105 3748 2444 3817 codicibus

171 3852 512 3915 sententias
560 3860 957 3935 contexeret,
1003 3852 1110 3915 hic
1153 3851 1290 3916 illic
1334 3851 1588 3939 lapsum
1634 3875 1797 3918 esse.

323 3953 392 4038 5)
440 3952 606 4017 Cum
650 3955 1042 4018 vetustiores
1087 3954 1341 4019 codices
1390 3954 1695 4019 desinant
1734 3956 1801 4018 in
1836 3955 2153 4021 decimam
2186 3967 2441 4022 senten-

171 4051 316 4117 tiam
357 4042 616 4120 litterae
647 4054 732 4134 N,
779 4057 908 4120 iam
952 4066 1248 4121 nostrum
1280 4058 1403 4122 erit
1433 4058 1831 4141 examinare,
1878 4060 2069 4146 quid
2116 4082 2439 4124 censen-

176 4150 334 4219 dum
393 4158 529 4221 sit
553 4156 644 4219 de
688 4156 1067 4222 versibus
1112 4160 1256 4223 387
1305 4182 1514 4245 seqq.
1606 4158 1802 4240 Quod
1844 4161 1930 4224 ad
1976 4161 2142 4225 hanc
2188 4171 2440 4226 senten-

175 4254 392 4321 tiarum
432 4267 683 4344 partem
718 4260 985 4342 attinet,
1031 4262 1125 4323 ita
1163 4260 1249 4324 ad
1281 4251 1600 4325 summam
1644 4264 1982 4350 penuriam
2027 4262 2438 4350 suppellecti-
2508 4291 2515 4297 ·

175 4348 244 4418 lis
295 4360 559 4423 criticae
611 4360 863 4426 redacti
916 4384 1172 4445 sumus,
1229 4372 1301 4427 ut
1357 4364 1566 4430 omnis
1622 4386 1818 4431 causa
1872 4364 2059 4453 quasi
2102 4386 2230 4429 uno
2275 4373 2443 4434 teste
