<?xml version="1.0" encoding="UTF-8"?>
<!DOCTYPE html PUBLIC "-//W3C//DTD XHTML 1.0 Transitional//EN"
    "http://www.w3.org/TR/xhtml1/DTD/xhtml1-transitional.dtd">
<html xmlns="http://www.w3.org/1999/xhtml" xml:lang="en" lang="en">
 <head>
  <title>
</title>
<meta http-equiv="Content-Type" content="text/html;charset=utf-8" />
  <meta name='ocr-system' content='tesseract 3.04.00' />
  <meta name='ocr-capabilities' content='ocr_page ocr_carea ocr_par ocr_line ocrx_word'/>
</head>
<body>
  <div class='ocr_page' id='page_1' title='image "./publiliisyrisen00martgoog/publiliisyrisen00martgoog_0033.png"; bbox 0 0 2917 4950; ppageno 0'>
   <div class='ocr_carea' id='block_1_1' title="bbox 966 307 2381 396">
    <p class='ocr_par' dir='ltr' id='par_1_1' title="bbox 966 307 2381 396">
     <span class='ocr_line' id='line_1_1' title="bbox 966 307 2381 396; baseline 0.002 -4"><span class='ocrx_word' id='word_1_1' title='bbox 966 346 1514 395; x_wconf 77' lang='lat' dir='ltr'>PROLEGOMENA.</span> <span class='ocrx_word' id='word_1_2' title='bbox 2145 307 2159 315; x_wconf 50' lang='lat'>.</span> <span class='ocrx_word' id='word_1_3' title='bbox 2298 332 2381 396; x_wconf 83' lang='lat'>23</span> 
     </span>
    </p>
   </div>
   <div class='ocr_carea' id='block_1_2' title="bbox 86 498 2384 1196">
    <p class='ocr_par' dir='ltr' id='par_1_2' title="bbox 86 498 2384 1196">
     <span class='ocr_line' id='line_1_2' title="bbox 91 498 2384 588; baseline 0 -24"><span class='ocrx_word' id='word_1_4' title='bbox 91 502 344 588; x_wconf 85' lang='lat' dir='ltr'>patriae</span> <span class='ocrx_word' id='word_1_5' title='bbox 395 523 648 583; x_wconf 87' lang='lat' dir='ltr'>amore,</span> <span class='ocrx_word' id='word_1_6' title='bbox 707 501 824 564; x_wconf 88' lang='lat' dir='ltr'>sed</span> <span class='ocrx_word' id='word_1_7' title='bbox 880 501 1032 586; x_wconf 91' lang='lat' dir='ltr'>quia</span> <span class='ocrx_word' id='word_1_8' title='bbox 1083 498 1261 564; x_wconf 86' lang='lat' dir='ltr'>haud</span> <span class='ocrx_word' id='word_1_9' title='bbox 1306 500 1496 587; x_wconf 89' lang='lat' dir='ltr'>pauci</span> <span class='ocrx_word' id='word_1_10' title='bbox 1540 522 1771 564; x_wconf 90' lang='lat' dir='ltr'>versus</span> <span class='ocrx_word' id='word_1_11' title='bbox 1815 499 1967 564; x_wconf 89' lang='lat' dir='ltr'>huic</span> <span class='ocrx_word' id='word_1_12' title='bbox 2009 501 2126 564; x_wconf 91' lang='lat' dir='ltr'>uni</span> <span class='ocrx_word' id='word_1_13' title='bbox 2169 501 2384 567; x_wconf 88' lang='lat' dir='ltr'>codici</span> 
     </span>
     <span class='ocr_line' id='line_1_3' title="bbox 92 595 2378 668; baseline 0 -3"><span class='ocrx_word' id='word_1_14' title='bbox 92 602 366 666; x_wconf 89' lang='lat' dir='ltr'>salutem</span> <span class='ocrx_word' id='word_1_15' title='bbox 423 600 684 666; x_wconf 87' lang='lat' dir='ltr'>debent.</span> <span class='ocrx_word' id='word_1_16' title='bbox 774 601 878 667; x_wconf 83' lang='lat' dir='ltr'>Cf.</span> <span class='ocrx_word' id='word_1_17' title='bbox 936 624 1001 665; x_wconf 90' lang='lat' dir='ltr'>v.</span> <span class='ocrx_word' id='word_1_18' title='bbox 1033 595 1152 666; x_wconf 83' lang='lat'>10.</span> <span class='ocrx_word' id='word_1_19' title='bbox 1209 603 1314 667; x_wconf 86' lang='lat'>33.</span> <span class='ocrx_word' id='word_1_20' title='bbox 1369 602 1477 666; x_wconf 93' lang='grc'><strong>50.</strong></span> <span class='ocrx_word' id='word_1_21' title='bbox 1532 602 1639 666; x_wconf 89' lang='grc'><strong>52.</strong></span> <span class='ocrx_word' id='word_1_22' title='bbox 1696 602 1799 667; x_wconf 91' lang='grc'><strong>63.</strong></span> <span class='ocrx_word' id='word_1_23' title='bbox 1852 602 1993 666; x_wconf 91' lang='grc'><strong>126.</strong></span> <span class='ocrx_word' id='word_1_24' title='bbox 2046 603 2186 667; x_wconf 90' lang='grc'><strong>130.</strong></span> <span class='ocrx_word' id='word_1_25' title='bbox 2237 603 2378 668; x_wconf 89' lang='grc'><strong>134.</strong></span> 
     </span>
     <span class='ocr_line' id='line_1_4' title="bbox 95 703 2378 791; baseline 0 -24"><span class='ocrx_word' id='word_1_26' title='bbox 95 705 232 768; x_wconf 87' lang='grc'><strong>166.</strong></span> <span class='ocrx_word' id='word_1_27' title='bbox 279 704 427 768; x_wconf 86' lang='grc'><strong>209.</strong></span> <span class='ocrx_word' id='word_1_28' title='bbox 472 704 620 768; x_wconf 87' lang='grc'><strong>252.</strong></span> <span class='ocrx_word' id='word_1_29' title='bbox 709 703 1082 786; x_wconf 79' lang='lat' dir='ltr'>ParisinOS,</span> <span class='ocrx_word' id='word_1_30' title='bbox 1130 703 1368 789; x_wconf 88' lang='lat' dir='ltr'>quibus</span> <span class='ocrx_word' id='word_1_31' title='bbox 1412 705 1709 791; x_wconf 88' lang='lat' dir='ltr'>proxime</span> <span class='ocrx_word' id='word_1_32' title='bbox 1752 704 2007 769; x_wconf 88' lang='lat' dir='ltr'>accedit</span> <span class='ocrx_word' id='word_1_33' title='bbox 2050 704 2378 769; x_wconf 89' lang='lat' dir='ltr'>Rheinau·</span> 
     </span>
     <span class='ocr_line' id='line_1_5' title="bbox 87 805 2375 893; baseline 0 -24"><span class='ocrx_word' id='word_1_34' title='bbox 87 806 358 890; x_wconf 89' lang='lat' dir='ltr'>giensis,</span> <span class='ocrx_word' id='word_1_35' title='bbox 404 807 617 893; x_wconf 88' lang='lat' dir='ltr'>possis</span> <span class='ocrx_word' id='word_1_36' title='bbox 650 805 914 892; x_wconf 87' lang='lat' dir='ltr'>quidem</span> <span class='ocrx_word' id='word_1_37' title='bbox 945 805 1166 869; x_wconf 80' lang='lat' dir='ltr'>dicere</span> <span class='ocrx_word' id='word_1_38' title='bbox 1194 807 1408 869; x_wconf 87' lang='lat' dir='ltr'>minus</span> <span class='ocrx_word' id='word_1_39' title='bbox 1438 805 1863 891; x_wconf 82' lang='lat' dir='ltr'>neglegenter</span> <span class='ocrx_word' id='word_1_40' title='bbox 1890 807 2168 892; x_wconf 89' lang='lat' dir='ltr'>scriptos</span> <span class='ocrx_word' id='word_1_41' title='bbox 2202 829 2375 890; x_wconf 84' lang='lat' dir='ltr'>esse3</span> 
     </span>
     <span class='ocr_line' id='line_1_6' title="bbox 90 907 2379 994; baseline 0 -22"><span class='ocrx_word' id='word_1_42' title='bbox 90 908 232 990; x_wconf 88' lang='lat' dir='ltr'>sed,</span> <span class='ocrx_word' id='word_1_43' title='bbox 295 907 716 994; x_wconf 69' lang='lat' dir='ltr'>quodmulto</span> <span class='ocrx_word' id='word_1_44' title='bbox 760 908 1029 993; x_wconf 89' lang='lat' dir='ltr'>gravius</span> <span class='ocrx_word' id='word_1_45' title='bbox 1077 917 1208 989; x_wconf 85' lang='lat' dir='ltr'>est,</span> <span class='ocrx_word' id='word_1_46' title='bbox 1257 929 1491 973; x_wconf 81' lang='lat' dir='ltr'>eorum</span> <span class='ocrx_word' id='word_1_47' title='bbox 1536 930 1874 990; x_wconf 89' lang='lat' dir='ltr'>versuum,</span> <span class='ocrx_word' id='word_1_48' title='bbox 1922 910 2037 994; x_wconf 91' lang='lat' dir='ltr'>qui</span> <span class='ocrx_word' id='word_1_49' title='bbox 2079 908 2149 972; x_wconf 93' lang='lat' dir='ltr'>in</span> <span class='ocrx_word' id='word_1_50' title='bbox 2192 907 2379 972; x_wconf 85' lang='lat' dir='ltr'>Basi-</span> 
     </span>
     <span class='ocr_line' id='line_1_7' title="bbox 86 997 2376 1096; baseline 0.001 -24"><span class='ocrx_word' id='word_1_51' title='bbox 86 1008 275 1073; x_wconf 90' lang='lat' dir='ltr'>liensi</span> <span class='ocrx_word' id='word_1_52' title='bbox 320 1008 647 1096; x_wconf 91' lang='lat' dir='ltr'>leguntur,</span> <span class='ocrx_word' id='word_1_53' title='bbox 694 1011 812 1074; x_wconf 86' lang='lat' dir='ltr'>vix</span> <span class='ocrx_word' id='word_1_54' title='bbox 854 1032 1022 1074; x_wconf 90' lang='lat' dir='ltr'>unus</span> <span class='ocrx_word' id='word_1_55' title='bbox 1069 1019 1169 1073; x_wconf 90' lang='lat' dir='ltr'>est</span> <span class='ocrx_word' id='word_1_56' title='bbox 1210 1009 1481 1092; x_wconf 83' lang='lat' dir='ltr'>alterve,</span> <span class='ocrx_word' id='word_1_57' title='bbox 1528 1011 1642 1096; x_wconf 92' lang='lat' dir='ltr'>qui</span> <span class='ocrx_word' id='word_1_58' title='bbox 1686 1033 1770 1074; x_wconf 82' lang='lat' dir='ltr'>ex</span> <span class='ocrx_word' id='word_1_59' title='bbox 1814 997 1949 1075; x_wconf 88' lang='lat' dir='ltr'>solo</span> <span class='ocrx_word' id='word_1_60' title='bbox 1996 1009 2223 1075; x_wconf 87' lang='lat' dir='ltr'>codice</span> <span class='ocrx_word' id='word_1_61' title='bbox 2271 1008 2376 1074; x_wconf 82' lang='lat' dir='ltr'>Pa</span> 
     </span>
     <span class='ocr_line' id='line_1_8' title="bbox 86 1111 1543 1196; baseline 0.001 -22"><span class='ocrx_word' id='word_1_62' title='bbox 86 1120 204 1176; x_wconf 78' lang='lat' dir='ltr'>aut</span> <span class='ocrx_word' id='word_1_63' title='bbox 239 1111 342 1178; x_wconf 81' lang='lat' dir='ltr'>Pb</span> <span class='ocrx_word' id='word_1_64' title='bbox 384 1123 500 1178; x_wconf 90' lang='lat' dir='ltr'>aut</span> <span class='ocrx_word' id='word_1_65' title='bbox 545 1112 610 1176; x_wconf 84' lang='lat' dir='ltr'><em>R</em></span> <span class='ocrx_word' id='word_1_66' title='bbox 652 1113 722 1176; x_wconf 92' lang='lat' dir='ltr'>in</span> <span class='ocrx_word' id='word_1_67' title='bbox 765 1112 1092 1196; x_wconf 87' lang='lat' dir='ltr'>integrum</span> <span class='ocrx_word' id='word_1_68' title='bbox 1137 1111 1543 1178; x_wconf 80' lang='lat' dir='ltr'>restituatur.</span> 
     </span>
    </p>
   </div>
   <div class='ocr_carea' id='block_1_3' title="bbox 999 1337 1456 1346">
    <p class='ocr_par' dir='ltr' id='par_1_3' title="bbox 999 1337 1456 1346">
     <span class='ocr_line' id='line_1_9' title="bbox 999 1337 1456 1346; baseline 0 -2"><span class='ocrx_word' id='word_1_69' title='bbox 999 1337 1456 1346; x_wconf 78' lang='lat'>——-———-———</span> 
     </span>
    </p>
   </div>
   <div class='ocr_carea' id='block_1_4' title="bbox 451 1521 2007 1632">
    <p class='ocr_par' dir='ltr' id='par_1_4' title="bbox 451 1521 2007 1632">
     <span class='ocr_line' id='line_1_10' title="bbox 451 1521 2007 1632; baseline 0.001 -25"><span class='ocrx_word' id='word_1_70' title='bbox 451 1526 604 1608; x_wconf 93' lang='lat' dir='ltr'>III.</span> <span class='ocrx_word' id='word_1_71' title='bbox 708 1525 830 1610; x_wconf 91' lang='lat' dir='ltr'>De</span> <span class='ocrx_word' id='word_1_72' title='bbox 892 1523 1364 1610; x_wconf 82' lang='lat' dir='ltr'>editionibus</span> <span class='ocrx_word' id='word_1_73' title='bbox 1423 1521 1749 1609; x_wconf 87' lang='lat' dir='ltr'>Publilii</span> <span class='ocrx_word' id='word_1_74' title='bbox 1810 1522 2007 1632; x_wconf 88' lang='lat' dir='ltr'>Syri.</span> 
     </span>
    </p>
   </div>
   <div class='ocr_carea' id='block_1_5' title="bbox 26 1721 2375 4469">
    <p class='ocr_par' dir='ltr' id='par_1_5' title="bbox 26 1721 2375 4469">
     <span class='ocr_line' id='line_1_11' title="bbox 247 1721 2375 1811; baseline -0 -22"><span class='ocrx_word' id='word_1_75' title='bbox 247 1724 556 1794; x_wconf 84' lang='lat' dir='ltr'>Vidimus</span> <span class='ocrx_word' id='word_1_76' title='bbox 613 1725 816 1810; x_wconf 91' lang='lat' dir='ltr'>igitur</span> <span class='ocrx_word' id='word_1_77' title='bbox 877 1723 1237 1788; x_wconf 90' lang='lat' dir='ltr'>Publilium</span> <span class='ocrx_word' id='word_1_78' title='bbox 1294 1746 1410 1811; x_wconf 90' lang='lat' dir='ltr'>per</span> <span class='ocrx_word' id='word_1_79' title='bbox 1468 1721 1673 1787; x_wconf 90' lang='lat' dir='ltr'>multa</span> <span class='ocrx_word' id='word_1_80' title='bbox 1728 1722 1988 1800; x_wconf 73' lang='lat' dir='ltr'>saecula</span> <span class='ocrx_word' id='word_1_81' title='bbox 2043 1723 2375 1790; x_wconf 88' lang='lat' dir='ltr'>oblivione</span> 
     </span>
     <span class='ocr_line' id='line_1_12' title="bbox 89 1824 2374 1913; baseline -0 -22"><span class='ocrx_word' id='word_1_82' title='bbox 89 1827 384 1891; x_wconf 89' lang='lat' dir='ltr'>obrutum</span> <span class='ocrx_word' id='word_1_83' title='bbox 441 1826 680 1911; x_wconf 88' lang='lat' dir='ltr'>fuisse,</span> <span class='ocrx_word' id='word_1_84' title='bbox 738 1827 1210 1891; x_wconf 87' lang='lat' dir='ltr'>sententiarum</span> <span class='ocrx_word' id='word_1_85' title='bbox 1265 1834 1483 1890; x_wconf 88' lang='lat' dir='ltr'>autem</span> <span class='ocrx_word' id='word_1_86' title='bbox 1527 1824 1874 1890; x_wconf 90' lang='lat' dir='ltr'>dimidiam</span> <span class='ocrx_word' id='word_1_87' title='bbox 1918 1826 2055 1890; x_wconf 86' lang='lat' dir='ltr'>fere</span> <span class='ocrx_word' id='word_1_88' title='bbox 2099 1835 2374 1913; x_wconf 88' lang='lat' dir='ltr'>partem,</span> 
     </span>
     <span class='ocr_line' id='line_1_13' title="bbox 73 1926 2371 2014; baseline 0 -24"><span class='ocrx_word' id='word_1_89' title='bbox 73 1927 320 1993; x_wconf 89' lang='lat' dir='ltr'>&#39;additis</span> <span class='ocrx_word' id='word_1_90' title='bbox 376 1930 447 1992; x_wconf 92' lang='lat' dir='ltr'>in</span> <span class='ocrx_word' id='word_1_91' title='bbox 501 1927 630 1992; x_wconf 88' lang='lat' dir='ltr'>fine</span> <span class='ocrx_word' id='word_1_92' title='bbox 683 1928 975 1994; x_wconf 73' lang='lat' dir='ltr'>aliis&#39;ex</span> <span class='ocrx_word' id='word_1_93' title='bbox 1019 1927 1557 1993; x_wconf 88' lang='lat' dir='ltr'>Pseudosenecae</span> <span class='ocrx_word' id='word_1_94' title='bbox 1612 1926 1816 2011; x_wconf 86' lang='lat' dir='ltr'>libro,</span> <span class='ocrx_word' id='word_1_95' title='bbox 1873 1930 1986 2014; x_wconf 88' lang='lat' dir='ltr'>qui</span> <span class='ocrx_word' id='word_1_96' title='bbox 2030 1929 2231 2014; x_wconf 88' lang='lat' dir='ltr'>vulgo</span> <span class='ocrx_word' id='word_1_97' title='bbox 2275 1929 2371 1992; x_wconf 90' lang='lat' dir='ltr'>in-</span> 
     </span>
     <span class='ocr_line' id='line_1_14' title="bbox 91 2029 2373 2119; baseline 0.001 -27"><span class='ocrx_word' id='word_1_98' title='bbox 91 2029 389 2096; x_wconf 86' lang='lat' dir='ltr'>scribitur</span> <span class='ocrx_word' id='word_1_99' title='bbox 434 2029 516 2094; x_wconf 87' lang='lat' dir='ltr'>de</span> <span class='ocrx_word' id='word_1_100' title='bbox 560 2029 883 2114; x_wconf 76' lang='lat' dir='ltr'>moribuS,</span> <span class='ocrx_word' id='word_1_101' title='bbox 931 2051 1125 2119; x_wconf 80' lang='lat' dir='ltr'>saepe</span> <span class='ocrx_word' id='word_1_102' title='bbox 1169 2029 1595 2116; x_wconf 82' lang='lat' dir='ltr'>descriptam,</span> <span class='ocrx_word' id='word_1_103' title='bbox 1644 2029 2075 2115; x_wconf 86' lang='lat' dir='ltr'>divulgatam,</span> <span class='ocrx_word' id='word_1_104' title='bbox 2122 2029 2373 2095; x_wconf 91' lang='lat' dir='ltr'>lectita-</span> 
     </span>
     <span class='ocr_line' id='line_1_15' title="bbox 89 2130 2371 2219; baseline 0 -23"><span class='ocrx_word' id='word_1_105' title='bbox 89 2141 211 2196; x_wconf 88' lang='lat' dir='ltr'>tam</span> <span class='ocrx_word' id='word_1_106' title='bbox 255 2154 420 2198; x_wconf 91' lang='lat' dir='ltr'>esse.</span> <span class='ocrx_word' id='word_1_107' title='bbox 489 2132 590 2196; x_wconf 88' lang='lat' dir='ltr'>Ea</span> <span class='ocrx_word' id='word_1_108' title='bbox 619 2132 970 2219; x_wconf 89' lang='lat' dir='ltr'>proverbia</span> <span class='ocrx_word' id='word_1_109' title='bbox 1001 2132 1231 2219; x_wconf 89' lang='lat' dir='ltr'>quanti</span> <span class='ocrx_word' id='word_1_110' title='bbox 1259 2131 1538 2196; x_wconf 89' lang='lat' dir='ltr'>fecerint</span> <span class='ocrx_word' id='word_1_111' title='bbox 1566 2130 1742 2196; x_wconf 91' lang='lat' dir='ltr'>illius</span> <span class='ocrx_word' id='word_1_112' title='bbox 1772 2131 2017 2196; x_wconf 86' lang='lat' dir='ltr'>saeculi</span> <span class='ocrx_word' id='word_1_113' title='bbox 2051 2131 2371 2217; x_wconf 89' lang='lat' dir='ltr'>homines,</span> 
     </span>
     <span class='ocr_line' id='line_1_16' title="bbox 91 2233 2371 2321; baseline -0 -22"><span class='ocrx_word' id='word_1_114' title='bbox 91 2257 206 2320; x_wconf 91' lang='lat' dir='ltr'>quo</span> <span class='ocrx_word' id='word_1_115' title='bbox 249 2258 354 2300; x_wconf 90' lang='lat' dir='ltr'>ars</span> <span class='ocrx_word' id='word_1_116' title='bbox 399 2235 878 2321; x_wconf 84' lang='lat' dir='ltr'>typographica</span> <span class='ocrx_word' id='word_1_117' title='bbox 923 2233 1329 2298; x_wconf 89' lang='lat' dir='ltr'>efflorescere</span> <span class='ocrx_word' id='word_1_118' title='bbox 1373 2235 1611 2321; x_wconf 81' lang='lat' dir='ltr'>coepit,</span> <span class='ocrx_word' id='word_1_119' title='bbox 1658 2233 1783 2297; x_wconf 89' lang='lat' dir='ltr'>hoc</span> <span class='ocrx_word' id='word_1_120' title='bbox 1826 2234 2215 2300; x_wconf 89' lang='lat' dir='ltr'>documento</span> <span class='ocrx_word' id='word_1_121' title='bbox 2248 2243 2371 2318; x_wconf 88' lang='lat' dir='ltr'>est,</span> 
     </span>
     <span class='ocr_line' id='line_1_17' title="bbox 92 2335 2370 2423; baseline 0 -23"><span class='ocrx_word' id='word_1_122' title='bbox 92 2337 253 2422; x_wconf 87' lang='lat' dir='ltr'>quod</span> <span class='ocrx_word' id='word_1_123' title='bbox 310 2347 592 2402; x_wconf 87' lang='lat' dir='ltr'>exeunte</span> <span class='ocrx_word' id='word_1_124' title='bbox 647 2335 904 2402; x_wconf 90' lang='lat' dir='ltr'>saeculo</span> <span class='ocrx_word' id='word_1_125' title='bbox 950 2335 1104 2400; x_wconf 90' lang='lat' dir='ltr'>XV.</span> <span class='ocrx_word' id='word_1_126' title='bbox 1151 2359 1279 2401; x_wconf 91' lang='lat' dir='ltr'>non</span> <span class='ocrx_word' id='word_1_127' title='bbox 1335 2335 1544 2402; x_wconf 89' lang='lat' dir='ltr'>solum</span> <span class='ocrx_word' id='word_1_128' title='bbox 1592 2336 1878 2402; x_wconf 76' lang='lat' dir='ltr'>Senecae</span> <span class='ocrx_word' id='word_1_129' title='bbox 1923 2359 2187 2423; x_wconf 89' lang='lat' dir='ltr'>operum</span> <span class='ocrx_word' id='word_1_130' title='bbox 2236 2337 2370 2400; x_wconf 88' lang='lat' dir='ltr'>edi-</span> 
     </span>
     <span class='ocr_line' id='line_1_18' title="bbox 91 2437 2368 2528; baseline 0 -25"><span class='ocrx_word' id='word_1_131' title='bbox 91 2439 366 2506; x_wconf 85' lang='lat' dir='ltr'>tionibus</span> <span class='ocrx_word' id='word_1_132' title='bbox 410 2437 670 2523; x_wconf 87' lang='lat' dir='ltr'>addita,</span> <span class='ocrx_word' id='word_1_133' title='bbox 718 2439 836 2505; x_wconf 89' lang='lat' dir='ltr'>sed</span> <span class='ocrx_word' id='word_1_134' title='bbox 863 2437 1026 2528; x_wconf 90' lang='lat' dir='ltr'>-plus</span> <span class='ocrx_word' id='word_1_135' title='bbox 1073 2437 1290 2503; x_wconf 90' lang='lat' dir='ltr'>decies</span> <span class='ocrx_word' id='word_1_136' title='bbox 1335 2437 1779 2527; x_wconf 86' lang='lat' dir='ltr'>peculiaribus</span> <span class='ocrx_word' id='word_1_137' title='bbox 1824 2437 2065 2504; x_wconf 91' lang='lat' dir='ltr'>libellis</span> <span class='ocrx_word' id='word_1_138' title='bbox 2113 2440 2184 2503; x_wconf 93' lang='lat' dir='ltr'>in</span> <span class='ocrx_word' id='word_1_139' title='bbox 2226 2439 2368 2504; x_wconf 84' lang='lat' dir='ltr'>vul-</span> 
     </span>
     <span class='ocr_line' id='line_1_19' title="bbox 93 2539 2371 2625; baseline 0 -19"><span class='ocrx_word' id='word_1_140' title='bbox 93 2564 202 2625; x_wconf 86' lang='lat' dir='ltr'>gus</span> <span class='ocrx_word' id='word_1_141' title='bbox 246 2544 480 2607; x_wconf 89' lang='lat' dir='ltr'>emissa</span> <span class='ocrx_word' id='word_1_142' title='bbox 526 2551 700 2607; x_wconf 91' lang='lat' dir='ltr'>sunt.</span> <span class='ocrx_word' id='word_1_143' title='bbox 785 2540 928 2605; x_wconf 87' lang='lat' dir='ltr'>Iam</span> <span class='ocrx_word' id='word_1_144' title='bbox 975 2563 1121 2605; x_wconf 90' lang='lat' dir='ltr'>cum</span> <span class='ocrx_word' id='word_1_145' title='bbox 1165 2539 1589 2622; x_wconf 36' lang='lat' dir='ltr'>Des-idcrii</span> <span class='ocrx_word' id='word_1_146' title='bbox 1632 2541 1945 2607; x_wconf 88' lang='lat' dir='ltr'>Erasmi</span> <span class='ocrx_word' id='word_1_147' title='bbox 2004 2564 2159 2606; x_wconf 91' lang='lat' dir='ltr'>cura</span> <span class='ocrx_word' id='word_1_148' title='bbox 2202 2564 2371 2607; x_wconf 88' lang='lat' dir='ltr'>anno</span> 
     </span>
     <span class='ocr_line' id='line_1_20' title="bbox 99 2641 2371 2731; baseline 0.001 -26"><span class='ocrx_word' id='word_1_149' title='bbox 99 2646 246 2710; x_wconf 83' lang='lat'>1515</span> <span class='ocrx_word' id='word_1_150' title='bbox 299 2642 586 2708; x_wconf 91' lang='lat' dir='ltr'>Basiliae</span> <span class='ocrx_word' id='word_1_151' title='bbox 643 2643 928 2709; x_wconf 88' lang='lat' dir='ltr'>Senecae</span> <span class='ocrx_word' id='word_1_152' title='bbox 983 2641 1354 2730; x_wconf 88' lang='lat' dir='ltr'>philosophi</span> <span class='ocrx_word' id='word_1_153' title='bbox 1411 2665 1611 2730; x_wconf 89' lang='lat' dir='ltr'>opera</span> <span class='ocrx_word' id='word_1_154' title='bbox 1663 2644 1841 2731; x_wconf 89' lang='lat' dir='ltr'>typis</span> <span class='ocrx_word' id='word_1_155' title='bbox 1898 2643 2167 2709; x_wconf 87' lang='lat' dir='ltr'>Ioannis</span> <span class='ocrx_word' id='word_1_156' title='bbox 2212 2644 2371 2707; x_wconf 90' lang='lat' dir='ltr'>Fro-</span> 
     </span>
     <span class='ocr_line' id='line_1_21' title="bbox 96 2743 2371 2838; baseline 0.001 -29"><span class='ocrx_word' id='word_1_157' title='bbox 96 2745 258 2810; x_wconf 86' lang='lat' dir='ltr'>benii</span> <span class='ocrx_word' id='word_1_158' title='bbox 311 2746 643 2833; x_wconf 89' lang='lat' dir='ltr'>descripta</span> <span class='ocrx_word' id='word_1_159' title='bbox 706 2744 1074 2833; x_wconf 90' lang='lat' dir='ltr'>prodirent,</span> <span class='ocrx_word' id='word_1_160' title='bbox 1136 2744 1352 2838; x_wconf 74' lang='lat' dir='ltr'>noluit</span> <span class='ocrx_word' id='word_1_161' title='bbox 1407 2744 1519 2810; x_wconf 93' lang='lat' dir='ltr'>ille</span> <span class='ocrx_word' id='word_1_162' title='bbox 1575 2744 1840 2833; x_wconf 87' lang='lat' dir='ltr'>quidem</span> <span class='ocrx_word' id='word_1_163' title='bbox 1894 2744 2204 2832; x_wconf 89' lang='lat' dir='ltr'>opusculo</span> <span class='ocrx_word' id='word_1_164' title='bbox 2259 2743 2371 2811; x_wconf 92' lang='lat' dir='ltr'>illo</span> 
     </span>
     <span class='ocr_line' id='line_1_22' title="bbox 95 2845 2371 2931; baseline 0.002 -22"><span class='ocrx_word' id='word_1_165' title='bbox 95 2845 350 2913; x_wconf 87' lang='lat' dir='ltr'>lectores</span> <span class='ocrx_word' id='word_1_166' title='bbox 397 2847 736 2931; x_wconf 87' lang='lat' dir='ltr'>fraudare,</span> <span class='ocrx_word' id='word_1_167' title='bbox 783 2847 899 2911; x_wconf 88' lang='lat' dir='ltr'>sed</span> <span class='ocrx_word' id='word_1_168' title='bbox 944 2848 1068 2912; x_wconf 92' lang='lat' dir='ltr'>hoc</span> <span class='ocrx_word' id='word_1_169' title='bbox 1112 2849 1363 2913; x_wconf 90' lang='lat' dir='ltr'>monuit</span> <span class='ocrx_word' id='word_1_170' title='bbox 1408 2856 1563 2915; x_wconf 72' lang='lat' dir='ltr'>‘non</span> <span class='ocrx_word' id='word_1_171' title='bbox 1605 2868 1731 2915; x_wconf 79' lang='lat' dir='ltr'>esse</span> <span class='ocrx_word' id='word_1_172' title='bbox 1772 2848 2057 2928; x_wconf 73' lang='lat' dir='ltr'>Senecae,</span> <span class='ocrx_word' id='word_1_173' title='bbox 2068 2849 2212 2914; x_wconf 69' lang='lat' dir='ltr'>‘&#39;sed</span> <span class='ocrx_word' id='word_1_174' title='bbox 2250 2848 2371 2914; x_wconf 82' lang='lat' dir='ltr'>col-</span> 
     </span>
     <span class='ocr_line' id='line_1_23' title="bbox 27 2948 2371 3034; baseline 0.002 -22"><span class='ocrx_word' id='word_1_175' title='bbox 27 2962 29 2967; x_wconf 87' lang='grc'><strong><em>·</em></strong></span> <span class='ocrx_word' id='word_1_176' title='bbox 95 2950 299 3015; x_wconf 75' lang='lat' dir='ltr'>lectum</span> <span class='ocrx_word' id='word_1_177' title='bbox 341 2972 417 3017; x_wconf 75' lang='lat' dir='ltr'>ex</span> <span class='ocrx_word' id='word_1_178' title='bbox 459 2952 705 3029; x_wconf 76' lang='lat' dir='ltr'>mimi3‚·</span> <span class='ocrx_word' id='word_1_179' title='bbox 770 2951 1074 3032; x_wconf 75' lang='lat' dir='ltr'>quosdam</span> <span class='ocrx_word' id='word_1_180' title='bbox 1119 2952 1288 3015; x_wconf 77' lang='lat' dir='ltr'>enim</span> <span class='ocrx_word' id='word_1_181' title='bbox 1331 2952 1705 3034; x_wconf 74' lang='lat' dir='ltr'>deprehendi</span> <span class='ocrx_word' id='word_1_182' title='bbox 1746 2951 1965 3016; x_wconf 76' lang='lat' dir='ltr'>citatos</span> <span class='ocrx_word' id='word_1_183' title='bbox 2007 2952 2185 3033; x_wconf 73' lang='lat' dir='ltr'>apud</span> <span class='ocrx_word' id='word_1_184' title='bbox 2226 2948 2371 3017; x_wconf 73' lang='lat' dir='ltr'>Gez-</span> 
     </span>
     <span class='ocr_line' id='line_1_24' title="bbox 97 3052 2367 3134; baseline 0.002 -20"><span class='ocrx_word' id='word_1_185' title='bbox 97 3052 239 3116; x_wconf 74' lang='lat' dir='ltr'>lium</span> <span class='ocrx_word' id='word_1_186' title='bbox 293 3054 582 3134; x_wconf 75' lang='lat' dir='ltr'>aliasque</span> <span class='ocrx_word' id='word_1_187' title='bbox 633 3053 974 3118; x_wconf 72' lang='lat' dir='ltr'>sententias</span> <span class='ocrx_word' id='word_1_188' title='bbox 1027 3054 1304 3117; x_wconf 78' lang='lat' dir='ltr'>adiectas</span> <span class='ocrx_word' id='word_1_189' title='bbox 1358 3072 1483 3119; x_wconf 79' lang='lat' dir='ltr'>esse</span> <span class='ocrx_word' id='word_1_190' title='bbox 1536 3074 1611 3119; x_wconf 73' lang='lat' dir='ltr'>em</span> <span class='ocrx_word' id='word_1_191' title='bbox 1650 3054 2044 3119; x_wconf 72' lang='lat' dir='ltr'>orationibus</span> <span class='ocrx_word' id='word_1_192' title='bbox 2097 3054 2315 3119; x_wconf 76' lang='lat' dir='ltr'>solutis</span> <span class='ocrx_word' id='word_1_193' title='bbox 2328 3060 2367 3131; x_wconf 82' lang='lat'>⁹,</span> 
     </span>
     <span class='ocr_line' id='line_1_25' title="bbox 26 3152 2369 3241; baseline 0.002 -27"><span class='ocrx_word' id='word_1_194' title='bbox 26 3202 29 3239; x_wconf 45' lang='grc'>;</span> <span class='ocrx_word' id='word_1_195' title='bbox 97 3152 380 3240; x_wconf 88' lang='lat' dir='ltr'>idemque</span> <span class='ocrx_word' id='word_1_196' title='bbox 425 3154 778 3241; x_wconf 88' lang='lat' dir='ltr'>separatim</span> <span class='ocrx_word' id='word_1_197' title='bbox 823 3152 1032 3218; x_wconf 90' lang='lat' dir='ltr'>edidit</span> <span class='ocrx_word' id='word_1_198' title='bbox 1076 3152 1353 3218; x_wconf 90' lang='lat' dir='ltr'>mimos</span> <span class='ocrx_word' id='word_1_199' title='bbox 1399 3154 1872 3238; x_wconf 80' lang='lat' dir='ltr'>Publianos,</span> <span class='ocrx_word' id='word_1_200' title='bbox 1920 3156 2369 3241; x_wconf 89' lang='lat' dir='ltr'>castigatos</span> 
     </span>
     <span class='ocr_line' id='line_1_26' title="bbox 100 3246 2369 3344; baseline 0.002 -28"><span class='ocrx_word' id='word_1_201' title='bbox 100 3264 166 3317; x_wconf 86' lang='lat' dir='ltr'>et</span> <span class='ocrx_word' id='word_1_202' title='bbox 216 3246 704 3338; x_wconf 84' lang='lat' dir='ltr'>elucidatos,</span> <span class='ocrx_word' id='word_1_203' title='bbox 764 3277 893 3320; x_wconf 92' lang='lat' dir='ltr'>una</span> <span class='ocrx_word' id='word_1_204' title='bbox 952 3278 1100 3321; x_wconf 88' lang='lat' dir='ltr'>cum</span> <span class='ocrx_word' id='word_1_205' title='bbox 1144 3255 1457 3343; x_wconf 87' lang='lat' dir='ltr'>Dionysii</span> <span class='ocrx_word' id='word_1_206' title='bbox 1502 3256 1769 3323; x_wconf 83' lang='lat' dir='ltr'>Catonis</span> <span class='ocrx_word' id='word_1_207' title='bbox 1816 3256 2117 3323; x_wconf 88' lang='lat' dir='ltr'>distichis</span> <span class='ocrx_word' id='word_1_208' title='bbox 2164 3267 2369 3344; x_wconf 71' lang='lat' dir='ltr'>etse·</span> 
     </span>
     <span class='ocr_line' id='line_1_27' title="bbox 99 3342 2367 3447; baseline 0.002 -28"><span class='ocrx_word' id='word_1_209' title='bbox 99 3365 258 3441; x_wconf 89' lang='lat' dir='ltr'>ptem</span> <span class='ocrx_word' id='word_1_210' title='bbox 299 3357 708 3444; x_wconf 78' lang='lat' dir='ltr'>Sapientiam</span> <span class='ocrx_word' id='word_1_211' title='bbox 753 3356 968 3439; x_wconf 80' lang='lat' dir='ltr'>dictis,</span> <span class='ocrx_word' id='word_1_212' title='bbox 1017 3358 1129 3444; x_wconf 90' lang='lat' dir='ltr'>qui</span> <span class='ocrx_word' id='word_1_213' title='bbox 1172 3356 1341 3422; x_wconf 92' lang='lat' dir='ltr'>liber</span> <span class='ocrx_word' id='word_1_214' title='bbox 1384 3367 1611 3446; x_wconf 89' lang='lat' dir='ltr'>postea</span> <span class='ocrx_word' id='word_1_215' title='bbox 1652 3359 1915 3446; x_wconf 89' lang='lat' dir='ltr'>saepius</span> <span class='ocrx_word' id='word_1_216' title='bbox 1958 3362 2137 3447; x_wconf 89' lang='lat' dir='ltr'>typis</span> <span class='ocrx_word' id='word_1_217' title='bbox 2182 3342 2367 3446; x_wconf 77' lang='lat' dir='ltr'>repe-</span> 
     </span>
     <span class='ocr_line' id='line_1_28' title="bbox 101 3458 2369 3546; baseline 0.003 -27"><span class='ocrx_word' id='word_1_218' title='bbox 101 3458 238 3523; x_wconf 90' lang='lat' dir='ltr'>titus</span> <span class='ocrx_word' id='word_1_219' title='bbox 293 3470 412 3524; x_wconf 90' lang='lat' dir='ltr'>est.</span> <span class='ocrx_word' id='word_1_220' title='bbox 504 3458 636 3525; x_wconf 88' lang='lat' dir='ltr'>Sed</span> <span class='ocrx_word' id='word_1_221' title='bbox 693 3481 820 3546; x_wconf 92' lang='lat' dir='ltr'>quo</span> <span class='ocrx_word' id='word_1_222' title='bbox 875 3482 1046 3525; x_wconf 90' lang='lat' dir='ltr'>anno</span> <span class='ocrx_word' id='word_1_223' title='bbox 1103 3458 1416 3525; x_wconf 87' lang='lat' dir='ltr'>Erasmus</span> <span class='ocrx_word' id='word_1_224' title='bbox 1462 3459 1821 3525; x_wconf 89' lang='lat' dir='ltr'>Publilium</span> <span class='ocrx_word' id='word_1_225' title='bbox 1875 3461 1959 3527; x_wconf 87' lang='lat' dir='ltr'>ab</span> <span class='ocrx_word' id='word_1_226' title='bbox 2014 3461 2369 3527; x_wconf 90' lang='lat' dir='ltr'>oblivionis</span> 
     </span>
     <span class='ocr_line' id='line_1_29' title="bbox 62 3548 2365 3649; baseline 0.002 -27"><span class='ocrx_word' id='word_1_227' title='bbox 62 3626 66 3631; x_wconf 71' lang='grc'><strong>,</strong></span> <span class='ocrx_word' id='word_1_228' title='bbox 103 3560 317 3624; x_wconf 90' lang='lat' dir='ltr'>iniuria</span> <span class='ocrx_word' id='word_1_229' title='bbox 362 3548 790 3648; x_wconf 68' lang='lat' dir='ltr'>vindicasset,</span> <span class='ocrx_word' id='word_1_230' title='bbox 830 3560 1119 3627; x_wconf 91' lang='lat' dir='ltr'>nondum</span> <span class='ocrx_word' id='word_1_231' title='bbox 1163 3561 1324 3628; x_wconf 87' lang='lat' dir='ltr'>satis</span> <span class='ocrx_word' id='word_1_232' title='bbox 1365 3561 1778 3649; x_wconf 85' lang='lat' dir='ltr'>exploratum</span> <span class='ocrx_word' id='word_1_233' title='bbox 1808 3572 1970 3647; x_wconf 87' lang='lat' dir='ltr'>erat,</span> <span class='ocrx_word' id='word_1_234' title='bbox 2017 3563 2224 3628; x_wconf 88' lang='lat' dir='ltr'>donec</span> <span class='ocrx_word' id='word_1_235' title='bbox 2254 3563 2365 3626; x_wconf 89' lang='lat' dir='ltr'>Fr.</span> 
     </span>
     <span class='ocr_line' id='line_1_30' title="bbox 102 3660 2367 3753; baseline 0.004 -30"><span class='ocrx_word' id='word_1_236' title='bbox 102 3660 533 3729; x_wconf 87' lang='lat' dir='ltr'>Latendorfius</span> <span class='ocrx_word' id='word_1_237' title='bbox 549 3714 568 3749; x_wconf 93' lang='lat'>,</span> <span class='ocrx_word' id='word_1_238' title='bbox 628 3664 738 3749; x_wconf 92' lang='lat' dir='ltr'>qui</span> <span class='ocrx_word' id='word_1_239' title='bbox 781 3673 934 3729; x_wconf 89' lang='lat' dir='ltr'>ante</span> <span class='ocrx_word' id='word_1_240' title='bbox 978 3664 1094 3729; x_wconf 89' lang='lat' dir='ltr'>hos</span> <span class='ocrx_word' id='word_1_241' title='bbox 1141 3663 1428 3729; x_wconf 89' lang='lat' dir='ltr'>sedecim</span> <span class='ocrx_word' id='word_1_242' title='bbox 1470 3686 1673 3729; x_wconf 89' lang='lat' dir='ltr'>annos</span> <span class='ocrx_word' id='word_1_243' title='bbox 1719 3666 2053 3731; x_wconf 88' lang='lat' dir='ltr'>seminarii</span> <span class='ocrx_word' id='word_1_244' title='bbox 2095 3664 2367 3753; x_wconf 90' lang='lat' dir='ltr'>philolo-</span> 
     </span>
     <span class='ocr_line' id='line_1_31' title="bbox 103 3764 2365 3851; baseline 0.004 -26"><span class='ocrx_word' id='word_1_245' title='bbox 103 3764 214 3846; x_wconf 87' lang='lat' dir='ltr'>gici</span> <span class='ocrx_word' id='word_1_246' title='bbox 257 3764 712 3850; x_wconf 83' lang='lat' dir='ltr'>Gottingensis</span> <span class='ocrx_word' id='word_1_247' title='bbox 768 3788 1022 3831; x_wconf 89' lang='lat' dir='ltr'>mecum</span> <span class='ocrx_word' id='word_1_248' title='bbox 1075 3766 1317 3832; x_wconf 88' lang='lat' dir='ltr'>sodalis</span> <span class='ocrx_word' id='word_1_249' title='bbox 1373 3766 1532 3851; x_wconf 87' lang='lat' dir='ltr'>fuit,</span> <span class='ocrx_word' id='word_1_250' title='bbox 1587 3768 1658 3831; x_wconf 92' lang='lat' dir='ltr'>in</span> <span class='ocrx_word' id='word_1_251' title='bbox 1702 3767 2081 3833; x_wconf 90' lang='lat' dir='ltr'>doctissima</span> <span class='ocrx_word' id='word_1_252' title='bbox 2126 3766 2365 3833; x_wconf 87' lang='lat' dir='ltr'>disser-</span> 
     </span>
     <span class='ocr_line' id='line_1_32' title="bbox 105 3867 2363 3957; baseline 0.002 -28"><span class='ocrx_word' id='word_1_253' title='bbox 105 3868 320 3933; x_wconf 81' lang='lat' dir='ltr'>tatione</span> <span class='ocrx_word' id='word_1_254' title='bbox 385 3867 792 3953; x_wconf 89' lang='lat' dir='ltr'>(Sebastiani</span> <span class='ocrx_word' id='word_1_255' title='bbox 847 3867 1090 3933; x_wconf 86' lang='lat' dir='ltr'>Franci</span> <span class='ocrx_word' id='word_1_256' title='bbox 1146 3868 1230 3933; x_wconf 91' lang='lat' dir='ltr'>de</span> <span class='ocrx_word' id='word_1_257' title='bbox 1287 3868 1667 3956; x_wconf 86' lang='lat' dir='ltr'>Pythagora</span> <span class='ocrx_word' id='word_1_258' title='bbox 1726 3871 1995 3956; x_wconf 89' lang='lat' dir='ltr'>eiusque</span> <span class='ocrx_word' id='word_1_259' title='bbox 2050 3868 2363 3957; x_wconf 88' lang='lat' dir='ltr'>symbolis</span> 
     </span>
     <span class='ocr_line' id='line_1_33' title="bbox 106 3965 2364 4062; baseline 0.004 -33"><span class='ocrx_word' id='word_1_260' title='bbox 106 3965 433 4057; x_wconf 89' lang='lat' dir='ltr'>disputatio</span> <span class='ocrx_word' id='word_1_261' title='bbox 497 3972 960 4035; x_wconf 89' lang='lat' dir='ltr'>commentario</span> <span class='ocrx_word' id='word_1_262' title='bbox 1021 3969 1376 4052; x_wconf 89' lang='lat' dir='ltr'>illustrata,</span> <span class='ocrx_word' id='word_1_263' title='bbox 1446 3971 1705 4037; x_wconf 71' lang='lat' dir='ltr'>Suet-ini</span> <span class='ocrx_word' id='word_1_264' title='bbox 1763 3971 1950 4062; x_wconf 87' lang='grc'><strong>1868.</strong></span> <span class='ocrx_word' id='word_1_265' title='bbox 2004 3971 2097 4057; x_wconf 86' lang='lat'>4⁰)</span> <span class='ocrx_word' id='word_1_266' title='bbox 2157 3995 2267 4059; x_wconf 91' lang='lat' dir='ltr'>pg.</span> <span class='ocrx_word' id='word_1_267' title='bbox 2325 3972 2364 4038; x_wconf 89' lang='lat'>8</span> 
     </span>
     <span class='ocr_line' id='line_1_34' title="bbox 104 4071 2363 4161; baseline 0.004 -30"><span class='ocrx_word' id='word_1_268' title='bbox 104 4072 346 4155; x_wconf 89' lang='lat' dir='ltr'>monuit,</span> <span class='ocrx_word' id='word_1_269' title='bbox 395 4071 750 4137; x_wconf 87' lang='lat' dir='ltr'>editionem</span> <span class='ocrx_word' id='word_1_270' title='bbox 794 4073 1156 4161; x_wconf 86' lang='lat' dir='ltr'>principem</span> <span class='ocrx_word' id='word_1_271' title='bbox 1185 4072 1487 4160; x_wconf 88' lang='lat' dir='ltr'>prodisse</span> <span class='ocrx_word' id='word_1_272' title='bbox 1530 4073 1883 4139; x_wconf 89' lang='lat' dir='ltr'>Londini</span> <span class='ocrx_word' id='word_1_273' title='bbox 1926 4096 2096 4138; x_wconf 90' lang='lat' dir='ltr'>anno</span> <span class='ocrx_word' id='word_1_274' title='bbox 2145 4074 2363 4139; x_wconf 89' lang='grc'><strong>1514.</strong></span> 
     </span>
     <span class='ocr_line' id='line_1_35' title="bbox 105 4170 2365 4259; baseline 0.003 -26"><span class='ocrx_word' id='word_1_275' title='bbox 105 4170 334 4239; x_wconf 88' lang='lat' dir='ltr'>Titulus</span> <span class='ocrx_word' id='word_1_276' title='bbox 379 4173 535 4239; x_wconf 91' lang='lat' dir='ltr'>libri</span> <span class='ocrx_word' id='word_1_277' title='bbox 579 4174 686 4239; x_wconf 85' lang='lat' dir='ltr'>hic</span> <span class='ocrx_word' id='word_1_278' title='bbox 731 4183 862 4238; x_wconf 88' lang='lat' dir='ltr'>est:</span> <span class='ocrx_word' id='word_1_279' title='bbox 922 4174 1227 4240; x_wconf 88' lang='lat' dir='ltr'>Disticha</span> <span class='ocrx_word' id='word_1_280' title='bbox 1269 4174 1573 4259; x_wconf 87' lang='lat' dir='ltr'>moralia,</span> <span class='ocrx_word' id='word_1_281' title='bbox 1628 4175 1821 4241; x_wconf 91' lang='lat' dir='ltr'>titulo</span> <span class='ocrx_word' id='word_1_282' title='bbox 1866 4176 2168 4258; x_wconf 86' lang='lat' dir='ltr'>Catonis,</span> <span class='ocrx_word' id='word_1_283' title='bbox 2216 4198 2365 4239; x_wconf 90' lang='lat' dir='ltr'>cum</span> 
     </span>
     <span class='ocr_line' id='line_1_36' title="bbox 107 4274 2362 4365; baseline 0.004 -32"><span class='ocrx_word' id='word_1_284' title='bbox 107 4274 339 4340; x_wconf 84' lang='lat' dir='ltr'>scholiis</span> <span class='ocrx_word' id='word_1_285' title='bbox 404 4276 614 4340; x_wconf 89' lang='lat' dir='ltr'>auctis</span> <span class='ocrx_word' id='word_1_286' title='bbox 679 4275 942 4341; x_wconf 88' lang='lat' dir='ltr'>Erasmi</span> <span class='ocrx_word' id='word_1_287' title='bbox 997 4276 1439 4342; x_wconf 80' lang='lat' dir='ltr'>Roterodami.</span> <span class='ocrx_word' id='word_1_288' title='bbox 1528 4278 2103 4365; x_wconf 89' lang='lat' dir='ltr'>Apophthegmata</span> <span class='ocrx_word' id='word_1_289' title='bbox 2158 4276 2362 4343; x_wconf 78' lang='lat' dir='ltr'>Grae-</span> 
     </span>
     <span class='ocr_line' id='line_1_37' title="bbox 109 4376 2363 4469; baseline 0.003 -32"><span class='ocrx_word' id='word_1_290' title='bbox 109 4376 224 4441; x_wconf 84' lang='lat' dir='ltr'>ciae</span> <span class='ocrx_word' id='word_1_291' title='bbox 263 4377 671 4467; x_wconf 89' lang='lat' dir='ltr'>Sapientum,</span> <span class='ocrx_word' id='word_1_292' title='bbox 727 4379 1082 4469; x_wconf 89' lang='lat' dir='ltr'>interprete</span> <span class='ocrx_word' id='word_1_293' title='bbox 1125 4380 1419 4445; x_wconf 87' lang='lat' dir='ltr'>Erasmo.</span> <span class='ocrx_word' id='word_1_294' title='bbox 1510 4380 1794 4464; x_wconf 90' lang='lat' dir='ltr'>Eadem,</span> <span class='ocrx_word' id='word_1_295' title='bbox 1841 4402 1959 4467; x_wconf 90' lang='lat' dir='ltr'>per</span> <span class='ocrx_word' id='word_1_296' title='bbox 1999 4379 2363 4445; x_wconf 91' lang='lat' dir='ltr'>Ausonium</span> 
     </span>
    </p>
   </div>
  </div>
 </body>
</html>
