2917 4950
764 293 1077 343 mmmm
1124 281 1282 344 SYRI
1328 294 1788 344 sumamma.
1883 249 1890 262 ⁰
2338 281 2422 346 85

17 479 20 536 7
286 449 575 512 Lucrum
616 449 761 512 sine
805 448 1042 512 damno
1087 449 1356 512 alterius
1400 449 1544 512 fieri
1589 471 1719 514 non
1763 457 2003 535 potest.

17 537 19 562 ¹
284 551 597 615 Lascivia
642 559 707 614 et
750 549 892 614 laus
936 573 1289 637 numquam
1332 550 1578 615 habent
1621 549 2061 615 concordiam.

17 577 20 748 b
285 654 537 738 Legem
577 673 820 725 nocens
864 661 1148 733 veretur,
1193 651 1524 717 fortunam
1566 653 1904 717 innocens,

17 771 19 778 '
140 763 247 821 300
287 755 552 838 Libido,
600 777 731 819 non
773 755 1093 819 iudicium
1138 763 1236 818 est
1280 754 1454 840 quod
1499 752 1734 818 levitas
1780 755 1976 841 sapit.

281 856 527 922 Libido
572 866 841 922 cunctos
888 860 1087 921 etiam
1132 856 1254 921 sub
1302 856 1492 921 vultu
1537 855 1777 921 domat.

281 960 748 1045 Longinquum
792 968 893 1023 est
936 980 1147 1041 omne,
1196 959 1371 1045 quod
1416 958 1745 1044 cupiditas
1789 957 2067 1043 flagitat.

279 1062 541 1148 Lapsus
586 1061 789 1125 semel
830 1061 905 1125 fit
948 1059 1162 1146 culpa,
1209 1061 1266 1124 si
1310 1062 1547 1126 iterum
1591 1058 1931 1124 cecideris,

279 1165 429 1229 Lex
470 1161 655 1228 videt
696 1164 957 1244 iratum,
1005 1165 1212 1248 iratus
1251 1162 1466 1248 legem
1509 1185 1641 1227 non
1684 1161 1890 1227 videt.

134 1273 236 1330 305
280 1266 563 1352 (Legem
589 1263 775 1329 -solet
818 1263 1122 1329 oblivisci
1165 1264 1565 1349 iracundia.)

279 1368 477 1433 Locis
522 1368 788 1432 remotis
835 1367 947 1453 qui
991 1364 1173 1449 latet,
1219 1365 1330 1429 lex
1374 1375 1475 1430 est
1520 1366 1671 1431 sibi.

280 1471 451 1534 Late
493 1468 710 1534 lucere
752 1470 923 1553 ignis
970 1466 1138 1533 nihil
1181 1477 1254 1532 ut
1296 1478 1468 1552 urat,
1514 1476 1751 1554 potest.

280 1572 650 1636 Licentiam
694 1570 811 1635 des
855 1569 1142 1656 linguae,
1191 1592 1337 1633 cum
1381 1591 1613 1633 verum
1657 1578 1865 1655 petae.

279 1672 611 1758 Malignos
652 1673 796 1737 fieri
842 1673 1125 1736 maxime
1169 1673 1413 1757 ingrati
1457 1671 1714 1736 docent.

133 1783 241 1840 310
280 1775 514 1840 Multis
560 1776 867 1857 minatur,
914 1775 1028 1862 qui
1070 1776 1183 1838 uni
1227 1773 1388 1838 facit
1429 1773 1756 1838 iniuriam.

282 1879 473 1943 Mora
516 1879 725 1942 omnis
770 1877 920 1943 odio
965 1886 1085 1958 est,
1131 1874 1250 1941 sed
1294 1875 1455 1940 facit
1498 1875 1908 1962 sapientiam.

280 1980 463 2043 Mala
504 2001 703 2044 causa
747 1989 866 2062 est,
913 2001 1079 2065 quae
1121 1979 1397 2066 requirit
1438 1975 1977 2044 misericordiam.

282 2082 456 2148 Mori
501 2091 601 2146 est
642 2081 877 2165 felicis,
922 2090 1268 2168 antequam
1313 2089 1590 2144 mortem
1632 2081 1917 2145 invocet.

136 2397 383 2456 comana
431 2415 480 2453 v.
517 2395 1081 2555 ῗὲἧεᾶῗῶριεῐ*
1104 2393 1321 2468 (TEa),
1369 2411 1417 2451 v.
1452 2394 1820 2454 302—308:
1856 2396 1927 2467 F,
1961 2411 2009 2451 v.
2044 2393 2410 2487 309-3402

136 2650 273 2704 spec.
314 2644 441 2693 nat.
486 2636 598 2708 31,
645 2635 800 2707 101,
844 2636 1079 2691 universi
1120 2636 1407 2693 Erasmus
1617 2643 1703 2691 est
1745 2652 1849 2691 om.
1893 2636 1952 2692 F
2164 2634 2316 2692 iubet
2359 2644 2415 2692 et

136 2735 177 2773 11.
223 2722 375 2778 Vino.
600 2720 721 2777 297
775 2721 923 2778 TEC
973 2720 1134 2777 Vinc.
1179 2721 1329 2777 Bell.
1378 2736 1466 2793 sp.
1508 2722 1557 2776 d.
1605 2718 1676 2791 4,
1724 2718 1842 2776 146
2049 2736 2122 2793 po
2157 2760 2170 2774 .
2205 2760 2219 2775 .
2254 2760 2267 2774 .
2299 2722 2412 2793 Pa,

136 2806 322 2862 ultimis
371 2810 582 2865 litteris
636 2808 922 2877 evanidis,
986 2814 1182 2879 potens
1224 2806 1330 2862 Pb.
1435 2804 1523 2876 Cf.
1570 2806 1794 2862 Seneca
1849 2807 1920 2862 de
1971 2808 2064 2861 ira
2115 2805 2184 2877 2,
2226 2805 2297 2878 8,
2343 2805 2412 2875 2;

136 2889 503 2965 RitsekeliuS,
548 2908 750 2963 opusc.
786 2894 892 2947 vol.
928 2890 989 2963 2,
1023 2891 1143 2948 666
1360 2891 1484 2948 298
1531 2891 1633 2947 EC
1676 2891 1832 2948 Vina.
1865 2889 2018 2946 Bell.
2061 2904 2220 2962 spec·
2262 2892 2412 2947 doct.

135 2972 183 3044 4,
215 2976 325 3034 159
514 2976 629 3033 laus
660 2984 716 3032 et
746 2976 871 3032 lasc.
926 2976 1082 3033 Vinc.
1280 2976 1405 3034 300
1446 2975 1612 3032 libido
1645 2992 1756 3031 non
1785 2978 1844 3033 F
1855 3001 1871 3030 .·
1914 2974 2078 3030 libido
2113 2975 2242 3045 PR,
2276 2974 2412 3050 libi-3

135 3057 227 3115 dini
255 3066 381 3120 olim
414 3066 654 3135 conieci,
686 3060 851 3117 libido
880 3062 1136 3118 indicium
1167 3070 1252 3118 est
1281 3063 1395 3117 eius
1428 3079 1480 3134 q.
1514 3062 1550 3117 1.
1582 3078 1627 3117 s,
1661 3062 1953 3119 Pithoeus.
2116 3060 2234 3118 301
2284 3062 2394 3117 cin-

135 3151 235 3200 vtos
266 3147 590 3206 Salmasius
631 3148 710 3204 ad
743 3146 917 3203 Solin.
956 3165 1017 3219 p.
1052 3145 1133 3204 46
1340 3146 1594 3220 dampnat
1623 3150 1681 3204 F
1859 3141 2011 3204 ‘302
2060 3146 2288 3221 longum
2329 3155 2415 3203 est

137 3231 261 3299 quod
288 3233 415 3305 flag.
449 3250 573 3306 cup.
605 3234 677 3306 F,
711 3234 927 3289 emend.
962 3233 1195 3289 Gruter.
1286 3232 1376 3306 Of.
1409 3252 1459 3289 v.
1497 3232 1614 3290 149
1829 3231 1952 3291 305
2016 3233 2253 3289 Videtur
2283 3248 2411 3289 esse

135 3314 683 3389 interpretamentum
728 3334 931 3373 versus
957 3321 1225 3389 proxime
1256 3320 1649 3375 antecedentis
1822 3317 2126 3374 obliviscicr
2159 3318 2407 3381 Gruter,-

139 3396 352 3460 oblivisci
394 3403 557 3459 solita
597 3412 683 3459 est
726 3402 915 3459 Bothe
1129 3402 1251 3460 306
1299 3410 1382 3459 est
1425 3402 1526 3459 sibi
1568 3404 1829 3477 Inqolst..·
1874 3401 1973 3458 sihi
2017 3411 2103 3458 est
2145 3403 2203 3459 F

139 3482 239 3540 307
280 3483 315 3521 ³¹²
354 3490 499 3563 ignis
552 3488 686 3543 nihil
731 3495 793 3542 ut
837 3504 888 3542 u.
936 3491 1024 3544 vel
1070 3496 1130 3543 ut
1174 3505 1225 3542 u.
1270 3504 1323 3543 n.
1365 3490 1433 3546 i.:
1488 3489 1632 3562 ignis
1680 3497 1740 3544 ut
1793 3487 1926 3544 nihi}
1981 3495 2103 3543 urat
2145 3490 2203 3544 F

139 3566 239 3626 309
284 3573 330 3629 C
370 3574 531 3631 Vina.
564 3574 716 3628 Bell.
749 3588 835 3644 sp.
867 3575 921 3628 d.
953 3571 1015 3645 4,
1048 3571 1127 3629 54
1329 3572 1596 3647 malignus
1627 3574 1734 3645 Pb,
1768 3573 2062 3647 malignum
2093 3574 2410 3630 Fabricius

282 3661 504 3715 maxime
531 3659 777 3732 ingratos
809 3656 1005 3713 docere
1036 3674 1197 3731 saepe
1234 3659 1283 3713 T
1448 3658 1574 3716 310
1618 3660 1975 3713 comminatur
2009 3658 2078 3729 Τ,
2108 3659 2408 3731 imperatur

152 3738 285 3797 Vina.
318 3745 469 3801 Bell.
502 3759 591 3815 sp.
624 3745 677 3799 d.
709 3741 782 3813 4,
818 3742 937 3799 132
1142 3745 1233 3799 uni
1262 3742 1530 3799 PRTEC
1569 3745 1753 3800 Vina.-
1800 3745 1853 3798 ui
1883 3744 1941 3800 F
2121 3749 2403 3797 coutume-

140 3820 241 3880 liam
268 3828 392 3886 facit
428 3830 492 3899 T,
520 3829 715 3883 iniuria
744 3828 828 3891 F;
872 3829 965 3901 qui
996 3829 1035 3883 f.
1071 3844 1121 3883 u.
1155 3829 1188 3883 i.
1222 3829 1496 3886 Pithoeus
1707 3828 1828 3886 311
1878 3828 1923 3885 0
1966 3828 2124 3883 Vino.
2160 3826 2312 3883 Bell.
2343 3825 2404 3899 4,

141 3906 205 3961 94
366 3914 553 3971 odiosa
586 3913 631 3970 0
826 3931 902 3969 an
931 3914 1275 3986 patientiam?
1497 3914 1618 3970 312
1667 3913 1754 3986 Cf.
1788 3932 1836 3969 v.
1868 3911 1996 3969 410
2195 3912 2331 3968 mala
2366 3910 2411 3967 0

151 3994 430 4057 Erasmus:
485 3998 607 4053 mali
649 3999 816 4055 PRF
1038 3998 1160 4054 313
1209 3998 1294 4072 Cf.
1342 4000 1476 4056 Sen.
1521 4001 1602 4055 ad
1640 3998 1838 4069 Polyb.
1885 4000 2099 4054 consol.
2149 3996 2228 4054 28
2287 3995 2407 4054 ‘Est

144 4092 308 4154 magna
346 4083 573 4141 felicitas
614 4085 669 4139 in
710 4086 824 4158 ipsa
868 4084 1123 4140 felicitate
1164 4083 1474 4140 moriendi’.
1563 4086 1635 4140 id.
1669 4086 1748 4140 ad
1783 4083 1973 4141 Marc.
2008 4082 2091 4140 20
2135 4084 2305 4138 ‘mors
2337 4083 2403 4140 de

144 4164 279 4223 nullis
320 4170 510 4225 melius
554 4170 742 4224 merita
785 4186 945 4243 quam
987 4171 1053 4225 de
1092 4169 1188 4240 iis,
1233 4168 1298 4223 ad
1341 4186 1479 4243 quos
1524 4171 1670 4225 venit
1698 4177 1984 4244 antequam
2013 4170 2400 4225 invocaretur'.

286 4254 492 4311 felicius
533 4255 672 4310 libri
709 4258 941 4327 quidam
972 4258 1208 4311 Erasmi
1248 4261 1301 4310 et
1334 4256 1896 4329 Gryphismaldensis
2075 4256 2287 4309 invocet
2319 4256 2401 4309 F.-

144 4331 333 4395 invoces
361 4342 437 4411 R,
468 4340 674 4395 invocis
704 4342 774 4413 P,
804 4334 1060 4397 invocens
1094 4340 1314 4413 Gryph.
1350 4358 1496 4397 mors
1524 4342 1809 4397 invocetur
1841 4342 1901 4413 C,
1935 4340 2084 4396 unde
2114 4342 2402 4396 conicias.-

9 4853 11 4882 Ι
