2917 4950
494 266 615 330 126
1280 255 1725 326 ‘summ-:Tun
1771 277 1992 326 FALso
2034 297 2038 304 ·

660 432 1125 497 Iusiurandum
1166 429 1365 494 alieni
1406 430 1610 494 infido
1657 429 2079 516 emplastrum
2123 431 2293 494 aeris
2340 439 2462 494 est.

660 533 772 598 Ius
818 555 1072 622 omnem
1118 555 1315 618 supra
1354 533 1662 597 iniuriam
1706 533 1990 618 positum
2035 533 2228 596 seiae.

662 635 882 700 Labor
924 635 1305 722 imperantis
1349 633 1634 698 militum
1681 635 2020 698 securitas.
2077 679 2084 686 -

496 743 615 804 185
659 738 867 802 Lassa
912 735 1262 802 crudelitas
1306 759 1436 802 non
1481 746 1580 800 est
1624 735 1921 800 vocanda
1965 735 2332 801 clementia.

659 840 947 926 Lepores
994 839 1121 902 duo
1168 839 1279 924 qui
1323 839 1711 924 insequitur,
1758 838 1814 902 is
1859 846 2158 902 neutrum
2207 839 2404 925 capit.

662 941 923 1026 Lingua
968 950 1068 1006 est
1111 939 1511 1026 maliloquax
1556 940 1792 1005 mentis
1837 939 2157 1004 indicium
2199 939 2430 1003 malae.

662 1027 857 1128 Mage
901 1041 1197 1109 cavenda
1237 1044 1594 1107 amicorum
1623 1041 1900 1122 invidia,
1947 1062 2139 1127 quam
2168 1040 2448 1104 insidiae
2475 1040 2804 1104 hostium.

664 1146 984 1230 Magister
1026 1144 1307 1209 infidelis
1356 1154 1455 1208 est
1497 1145 1659 1209 recti
1704 1152 1934 1207 metus.

502 1254 625 1312 190
668 1246 978 1331 Magnam
1023 1245 1348 1310 fortunam
1390 1268 1667 1330 magnus
1713 1247 1964 1309 animus
2011 1244 2220 1309 decet.
2910 1319 2911 1324 η

665 1348 896 1433 Magni
925 1349 1128 1412 animi
1159 1357 1259 1412 est
1286 1349 1626 1436 proprium
1653 1369 1797 1412 esse
1821 1345 2264 1434 tranquillum,
2291 1346 2564 1410 iniurias
2593 1353 2803 1438 atque
2910 1361 2911 1406 l

1428 1441 1441 1454 ’
1711 1449 2096 1514 offensiones
2139 1470 2395 1536 semper
2426 1448 2802 1534 despicere.

665 1549 841 1616 Male
883 1549 1155 1614 habebit
1198 1549 1512 1632 medicus,
1559 1572 1747 1615 nemo
1793 1551 1851 1614 si
1893 1549 2064 1614 male
2108 1549 2435 1615 habuerit.

666 1651 1073 1718 Male·vivet
1116 1653 1415 1739 quisquis
1459 1654 1708 1717 nesciet
1751 1653 1916 1716 mori
1959 1651 2148 1716 bene.

668 1755 865 1820 Malis
910 1753 1258 1842 displicere
1300 1753 1557 1818 laudari
1604 1765 1722 1818 est.

504 1864 622 1922 195
667 1856 840 1922 Malo
886 1857 1061 1920 veris
1108 1855 1434 1920 offendere
1481 1879 1676 1942 quam
1720 1855 1978 1942 placere
2021 1846 2369 1920 adulando.

668 1956 915 2022 Malum
957 1956 1245 2020 alienum
1288 1966 1474 2021 tuum
1517 1978 1600 2020 ne
1643 1957 1878 2021 feceris
1923 1958 2256 2042 gaudium.

667 2057 919 2124 Malum
962 2059 1305 2123 consilium
1349 2058 1704 2122 consultori
1749 2060 2104 2145 pessimum
2151 2069 2268 2123 est.

668 2160 1041 2225 Maritimus
1088 2181 1235 2224 cum
1281 2160 1394 2243 sis,
1440 2159 1581 2223 fieri
1623 2162 1950 2225 terrestris
1997 2183 2180 2224 cave.

668 2261 1035 2328 Maximum
1078 2260 1438 2326 remedium
1485 2261 1621 2324 irae
1665 2284 1847 2327 mora
1892 2273 2010 2326 est.

508 2369 631 2428 200
673 2363 861 2428 Mens
910 2365 1288 2450 incorrupta
1330 2363 1598 2426 miseria
1641 2367 2097 2451 corrumpitur.

642 2465 947 2531 'Minime
990 2466 1235 2530 amicus
1282 2487 1449 2548 sum,
1497 2465 1794 2531 fortunae
1837 2467 2166 2555 particeps
2209 2466 2341 2529 nisi
2383 2464 2508 2531 sim
2553 2487 2762 2529 meae.

671 2569 1021 2632 Minimum
1064 2568 1258 2650 vivit,
1306 2568 1418 2653 qui
1463 2566 1556 2631 nil
1603 2591 1795 2655 quam
1841 2570 2044 2632 vitam
2091 2570 2355 2653 cogitat.
2603 2568 2796 2655 [rum.

655 2669 919 2733 ‘Misera
951 2679 1049 2735 est
1081 2669 1425 2755 aegritudo
1455 2671 1657 2733 animi
1689 2670 1770 2735 ob
1801 2670 2158 2735 alienarum
2189 2672 2473 2758 speciem
2501 2670 2797 2733 miseria-

674 2771 879 2835 Miser
927 2770 1060 2835 dici
1104 2771 1313 2837 bonus
1358 2773 1486 2853 vir,
1533 2777 1678 2836 esse
1719 2794 1850 2837 non
1892 2782 2129 2861 potest.

511 2879 635 2937 205
680 2872 1137 2938 Misericordia
1182 2882 1281 2938 est
1324 2874 1544 2939 vicina
1571 2875 1904 2939 miseriae:
1951 2874 2150 2939 habet
2181 2874 2351 2939 enim
2383 2872 2634 2960 aliquid
2671 2884 2794 2937 tra·
2910 2864 2911 2881 *

1719 2978 1948 3063 hitque
1993 2999 2077 3040 ex
2121 2998 2218 3041 ea.

682 3202 799 3259 182
846 3204 948 3259 Ps.
978 3200 1237 3258 Laberius
1267 3220 1351 3277 ap.
1387 3203 1617 3259 Gellium
1651 3204 1752 3276 16,
1785 3205 1820 3261 7
2027 3203 2144 3261 183
2189 3204 2257 3259 F.
2289 3202 2415 3259 Sen.
2449 3203 2516 3259 de
2546 3202 2707 3259 clem.
2745 3202 2796 3272 1,
2826 3266 2831 3271 ⁵

510 3289 567 3359 1,
602 3288 639 3345 8
817 3286 938 3343 184
988 3288 1070 3343 Gr
1101 3287 1157 3343 2.
1194 3287 1343 3343 Caec.
1375 3286 1520 3344 Ball).
1555 3288 1699 3348 Mon.
1735 3290 1836 3362 30,
1872 3290 1928 3361 1,
1960 3307 2056 3362 pg.
2091 3288 2172 3345 30
2358 3288 2478 3344 185
2527 3289 2626 3345 Go.

509 3373 628 3429 186
677 3373 782 3429 Bo.
818 3370 893 3427 Ex
924 3372 1211 3446 proverbio
1245 3390 1440 3447 graeco
1473 3372 1676 3429 Erasm.
1709 3374 1878 3449 Adag.
1912 3368 1973 3445 3,
2007 3374 2064 3445 3,
2099 3373 2176 3430 36
2353 3374 2472 3429 187
2518 3374 2616 3429 Ps.
2645 3372 2794 3427 Caco.

506 3456 651 3512 Balb.
678 3457 821 3512 Mon.
846 3456 949 3529 48,
976 3458 1036 3529 3,
1067 3476 1159 3532 pg.
1186 3457 1289 3530 34,
1320 3457 1468 3514 Sext.
1493 3458 1722 3533 Pythag.
1751 3467 1890 3514 sent.
1920 3458 1998 3515 74
2030 3475 2150 3513 cum
2181 3457 2364 3513 adnot.
2389 3457 2572 3513 Orellii
2605 3473 2794 3531 opusc.

507 3558 643 3597 mor.
683 3542 739 3614 1,
772 3541 889 3598 581
927 3552 1063 3597 extr.
1227 3543 1345 3600 188
1374 3544 1494 3612 Gr.
1527 3543 1676 3603 Caec.
1709 3544 1850 3599 Ball).
1883 3544 2002 3599 Par.
2039 3544 2142 3614 25,
2170 3559 2265 3616 pg.
2298 3542 2382 3599 40
2527 3542 2647 3598 189
2698 3542 2793 3595 Ps.

681 3626 803 3683 190
848 3628 945 3683 Go.
980 3626 1104 3682 Sen.
1140 3627 1206 3683 (16
1236 3628 1391 3683 clem.
1429 3629 1487 3700 1,
1522 3628 1582 3701 5,
1616 3628 1652 3683 5
1823 3628 1937 3685 191
1991 3629 2088 3685 Go.
2122 3628 2247 3683 Sen.
2281 3627 2350 3683 de
2381 3627 2536 3683 clem.
2574 3627 2633 3698 1,
2668 3627 2727 3697 5,
2759 3624 2793 3679 5

676 3712 797 3769 192
844 3713 952 3768 Bo.
982 3710 1269 3767 Philemon
1301 3713 1462 3785 srgm.
1501 3712 1576 3768 12
1766 3713 1885 3770 193
1932 3712 2190 3787 Scaliger.
2239 3711 2366 3771 Seu.
2401 3712 2469 3767 de
2498 3720 2679 3785 tranq.
2709 3727 2790 3766 an.
2910 3718 2911 3759 1

509 3797 611 3869 11,
643 3795 681 3851 4
859 3795 980 3853 194
1030 3797 1129 3854 Go.
1162 3796 1235 3853 De
1266 3814 1401 3853 mor.
1437 3796 1521 3854 40
1681 3797 1799 3855 195
1845 3799 1952 3854 Pu.
1987 3797 2112 3853 Seu.
2133 3796 2212 3852 -de
2243 3797 2398 3853 clem.
2435 3797 2493 3868 2,
2527 3795 2587 3869 2,
2621 3795 2656 3851 2
2822 3824 2830 3829 -

510 3880 629 3937 196
679 3882 777 3937 Gr.
812 3882 961 3938 Caec.
996 3881 1142 3938 Balb.
1176 3882 1318 3937 Mon.
1358 3883 1414 3953 1,
1450 3883 1550 3953 16,
1580 3900 1674 3957 pg.
1713 3883 1789 3938 19
1974 3883 2092 3940 197
2139 3883 2234 3938 Ps.
2269 3882 2436 3938 Varro
2467 3882 2536 3937 de
2565 3898 2626 3937 re
2655 3887 2790 3936 rust.

509 3964 569 4035 3,
603 3964 658 4019 2.
692 3966 893 4021 Gellius
925 3966 985 4038 4,
1020 3967 1079 4039 5,
1115 3968 1151 4023 5
1350 3967 1470 4023 198
1518 3969 1623 4023 Bo.
1653 3966 1856 4022 Erasmi
1889 3968 2059 4041 Adag.
2095 3967 2154 4038 3,
2185 3968 2246 4037 5,
2281 3967 2355 4021 11
2555 3966 2675 4023 199
2721 3964 2789 4021 R.

510 4048 635 4105 Sen.
669 4048 735 4104 de
776 4052 853 4105 ira
886 4050 955 4122 2,
991 4051 1068 4107 29
1272 4052 1397 4108 200
1438 4054 1536 4109 Ps.
1741 4052 1858 4109 201
1913 4054 2010 4108 Gr.
2034 4051 2193 4115 Caco.
2235 4050 2378 4106 Balb.
2414 4050 2556 4107 Mon.
2595 4050 2704 4120 15,
2736 4048 2790 4117 5,
2910 4092 2911 4135 ξ

510 4152 601 4208 pg.
638 4134 746 4208 243
782 4134 851 4189 cs.
886 4134 1129 4189 Menand.
1162 4135 1398 4191 Monost.
1432 4136 1573 4194 263.
1611 4137 1731 4193 673
1917 4136 2038 4194 202
2087 4138 2170 4193 Gr
2202 4136 2257 4191 2.
2290 4136 2440 4192 Caec.
2473 4134 2617 4191 Balb.
2653 4135 2789 4189 Mon.
2910 4136 2911 4197 J

516 4219 573 4290 1,
609 4220 665 4291 7,
696 4237 791 4293 pg.
831 4218 907 4275 18
1109 4218 1229 4275 203
1279 4220 1377 4276 Go.
1413 4219 1540 4275 Sen.
1573 4222 1638 4277 de
1669 4222 1824 4278 clem.
1861 4221 1919 4294 2,
1953 4222 2012 4293 5,
2042 4221 2081 4276 4
2278 4220 2401 4279 204
2445 4222 2540 4277 PS.
2573 4219 2696 4276 Seu.
2729 4218 2789 4271 (16

510 4303 721 4376 provid.
756 4304 816 4375 3,
852 4302 883 4359 1
1016 4302 1183 4405 ,205
1232 4303 1332 4361 Ge.
1362 4304 1488 4359 Sen.
1521 4306 1588 4361 de
1619 4307 1774 4363 clem.
1810 4307 1868 4378 2,
1902 4307 1960 4378 6,
1990 4306 2031 4361 4

2405 4795 2634 4937 ’Χ
