2917 4950
1078 340 1627 389 PROLEGOMENA.
2463 326 2503 391 9

377 493 450 560 Si
482 493 685 559 verba
715 494 1012 572 Pliniiet
1041 494 1367 561 Macrobii
1398 506 1572 561 recte
1613 497 2079 585 interpretatus
2112 519 2276 579 sum,
2303 506 2503 584 ,patet

197 593 964 682 Publilium-scripsisse
1020 594 1206 661 illum
1252 597 1516 683 quidem
1561 599 1827 680 mimoS,
1888 598 2005 663 sed
2049 599 2252 664 multo
2297 601 2497 664 maio-

197 718 344 759 rem
397 696 674 782 gloriam
720 719 794 763 eo
841 708 1260 763 consecutum
1309 723 1482 781 esse,
1544 700 1717 787 quod
1763 722 1873 765 eos
1920 702 2185 786 egregie
2230 723 2502 768 scaenae

199 800 720 866 accommodavit
775 811 971 887 atque
1026 803 1167 889 ipse
1222 804 1465 889 primas
1522 813 1737 889 partes
1796 824 1991 888 agere
2047 813 2499 869 consueverat.

201 901 466 988 Syriam
509 903 579 965 in
623 924 751 990 qua
795 912 984 967 natus
1032 914 1191 986 erat,
1239 914 1495 970 constat
1537 906 1667 968 iam
1703 904 1973 970 Publilii
2019 914 2232 970 aetate
2278 915 2342 970 et
2386 929 2498 993 po·
2604 907 2611 914 ’

201 1013 377 1068 stero
425 1007 680 1090 quoque
723 1015 1014 1093 tempore
1043 1005 1417 1072 abundasse
1449 1006 1749 1071 omnibus
1780 1005 2080 1072 luxuriae
2110 1008 2501 1071 instrumen-

199 1108 310 1186 tis,
344 1107 728 1191 praesertim
760 1107 1211 1186 histrionibus,
1282 1108 1388 1173 Cf.
1421 1108 1743 1194 Philolog.
1776 1109 1880 1191 22,
1912 1109 2058 1174 443.
2123 1109 2503 1176 Accedebat

201 1207 333 1271 huc
375 1208 626 1292 ingenii
672 1208 990 1294 quaedam
1037 1210 1326 1274 sollertia
1355 1233 1430 1274 ac
1465 1211 1816 1293 festivitaS,
1864 1213 2127 1299 propria
2158 1210 2271 1275 illa
2302 1211 2500 1299 Syro-

201 1331 350 1373 rum
415 1331 490 1372 ac
550 1312 898 1398 praecipue
966 1313 1545 1396 Antiochensium3
1620 1313 1974 1378 accedebat
2038 1312 2503 1400 extemporalis

202 1410 519 1494 facilitaS,
567 1435 695 1499 qua
738 1413 1082 1496 Archiam,
1131 1417 1242 1501 qui
1289 1424 1353 1479 et
1399 1412 1558 1502 ipse'
1584 1414 2049 1479 Antiochensis
2096 1415 2255 1499 fuit,
2302 1415 2543 1480 incla-'

202 1515 415 1578 ruisse
471 1515 858 1600 accepimuS.
930 1514 1050 1581 Cf.
1100 1516 1238 1581 Cic.
1296 1540 1413 1604 pro
1461 1516 1660 1581 Arch.
1708 1521 1749 1599 ξ
1792 1518 1853 1581 4.
1907 1517 2003 1582 18.
2064 1516 2344 1598 Quintil.
2398 1520 2504 1600 10,

205 1617 268 1698 7,
306 1616 405 1681 19.
496 1615 676 1696 Quid
707 1617 962 1699 mirum,
996 1617 1378 1702 Publilium,
1421 1619 1723 1685 versibus
1755 1620 2079 1704 fingendis
2111 1629 2504 1706 promptum,

166 1717 478 1802 'agendis
524 1719 739 1782 mimis
788 1718 1200 1802 excelluisse,
1246 1723 1316 1785 in
1361 1721 1599 1808 quibus
1644 1721 1849 1786 multa
1879 1743 1962 1785 ex
1993 1731 2285 1809 tempore
2316 1721 2507 1786 fundi

204 1818 402 1885 solita
447 1841 591 1884 esse
634 1819 983 1886 admodum
1030 1822 1386 1886 verisimile
1432 1833 1552 1888 est.
1642 1823 1803 1886 Eius
1848 1824 2008 1889 artis
2057 1834 2120 1889 et
2166 1823 2497 1889 facultatis

135 2001 140 2005 ι
204 1921 456 1985 clarum
510 1920 694 1986 dedit
749 1925 1081 2011 specimen
1143 1947 1310 1988 anno
1371 1946 1430 1987 a.
1480 1925 1634 1989 Chr.
1693 1924 2194 2012 quadragesimo
2252 1927 2501 2013 quinto,

203 2024 672 2105 cumsCaesar,
719 2025 1000 2091 dictator
1043 2027 1112 2090 in
1157 2037 1545 2113 perpetuum
1591 2036 1881 2111 creatus,
1929 2029 2283 2115 imperator
2326 2027 2507 2092 idem

205 2135 273 2191 et
320 2125 547 2192 consul
603 2126 673 2191 in
718 2126 945 2190 decem
987 2150 1190 2192 annos
1203 2177 1221 2209 ,
1283 2151 1409 2215 quo
1454 2131 1831 2194 memoriam
1884 2130 2265 2194 imminutae
2310 2129 2504 2193 liber-

202 2230 362 2293 tatis
392 2227 672 2310 tolleret,
717 2230 1398 2314 magnificentissimos
1429 2229 1619 2297 ludos
1650 2233 2015 2319 apparavit.
2106 2230 2272 2295 Tum
2304 2233 2509 2317 igitur

201 2330 584 2411 Laberium,
632 2352 903 2417 asperae
945 2330 1269 2397 libertatis
1317 2335 1604 2418 equitem
1633 2334 2018 2415 Romanum,
2067 2355 2271 2420 paene
2318 2355 2505 2398 sexa-

200 2433 575 2519 genarium,
625 2433 1000 2520 quingentis
1046 2433 1312 2500 milibus
1357 2435 1702 2517 invitavit,
1762 2445 1835 2500 ut
1880 2434 2171 2523 prodiret
2215 2437 2279 2499 in
2324 2457 2502 2500 scae-

104 2612 120 2619 ,
201 2558 360 2600 nam
408 2546 471 2599 et
514 2523 925 2621 ipse'ageret
967 2538 1222 2618 mimos,
1271 2558 1431 2624 quos
1476 2538 1921 2625 scriptitabat3
1972 2559 2089 2601 nec
2120 2527 2250 2602 non
2280 2538 2503 2627 Eubli-
2565 2584 2573 2591 -

203 2636 368 2701 lium
411 2638 687 2703 Romam
741 2638 1020 2720 accivit,
1079 2635 1160 2704 ut'
1207 2661 1355 2703 cum
1397 2638 1681 2705 Laberio
1737 2650 2067 2704 certamen
2110 2629 2348 2721 iniret,
2402 2641 2508 2703 cui

205 2740 551 2803 certamini
607 2762 678 2803 se
721 2739 1016 2805 adfuisse
1072 2743 1214 2829 ipse
1259 2740 1487 2806 Cicero
1546 2740 1776 2806 scribit
1820 2742 1888 2805 in
1934 2740 2191 2829 epistul.
2239 2740 2353 2805 lib.
2406 2742 2503 2825 12,

214 2842 316 2905 18.
380 2840 704 2906 Publilius
751 2864 898 2907 cum
943 2865 1188 2926 omneS,
1237 2844 1350 2929 qui
1394 2852 1549 2907 tunc
1593 2844 1836 2929 scripta
1882 2853 1945 2906 et
1991 2865 2218 2932 operas
2255 2866 2406 2907 suas
2436 2846 2505 2907 in

205 2964 512 3007 scaenam
557 2942 880 3027 locabant,
928 2953 1366 3031 provocasset,
1412 2955 1500 3009 ut1
1532 2943 1774 3030 singuli
1821 2966 2042 3009 secum
2086 2946 2301 3033 posita
2337 2948 2505 3009 invi-

206 3067 354 3109 cem
381 3048 670 3131 ‚materia
700 3070 818 3133 pro
861 3055 1150 3134 tempore
1183 3046 1671 3129 contenderent,
1717 3045 1895 3112 nullo
1936 3056 2276 3112 recusante
2314 3053 2507 3135 ‘supe-

201 3148 386 3211 ravit
430 3170 675 3229 omneS,
723 3150 794 3212 in
837 3150 982 3236 quis
1029 3158 1093 3213 et
1137 3148 1524 3212 Laberium:
1572 3150 1747 3214 unde
1779 3148 2024 3215 Caesar
2053 3149 2349 3215 arridens
2382 3149 2506 3213 hoc

203 3247 404 3313 modo
448 3252 902 3337 pronuntiavit

589 3392 849 3452 Favente
891 3394 998 3451 teba·
1039 3412 1130 3452 ‘me
1174 3395 1357 3453 victus
1401 3412 1488 3461 es,
1535 3392 1781 3462 Laberi,
1828 3413 1867 3453 a
1908 3393 2056 3469 Syro

203 3556 564 3642 statimque
609 3555 896 3621 Publilio
959 3555 1239 3643 palmam
1287 3567 1350 3621 et
1393 3556 1677 3623 Laberio
1734 3556 1998 3622 anulum
2053 3580 2319 3622 aureum
2363 3579 2512 3621 cum

203 3659 588 3746 quingentis
635 3659 956 3723 sestertiis
1003 3657 1206 3723 dedit.
1755 3734 1777 3749 l

382 3760 505 3824 Cui
560 3754 949 3844 narrationi,
1009 3783 1207 3848 quam
1248 3762 1333 3825 ad
1379 3761 1838 3829 verbum.fere
1885 3783 1968 3825 ex
2012 3760 2351 3825 Macrobio
2397 3760 2507 3824 de-

200 3863 623 3949 scripsimus,
669 3885 876 3951 pauca
919 3863 1110 3927 nobis
1157 3873 1308 3927 sunt
1355 3862 1677 3928 addenda.
1767 3864 1868 3927 Ac
1912 3865 2193 3950 primum
2238 3863 2509 3949 quidem

197 3962 640 4040 admiratione
695 3965 968 4050 dignum
991 3964 1312 4052 =prudens
1358 3964 1659 4030 Caesaris
1712 3963 2089 4053 consilium,
2161 3967 2305 4052 qui,
2366 3987 2513 4029 cum

197 4067 390 4134 mimi
445 4065 626 4152 plebi
670 4067 1009 4154 spectandi
1063 4068 1339 4155 cupidae
1385 4077 1606 4131 essent
1648 4068 1968 4153 gratiores
2014 4068 2353 4154 magisque
2395 4090 2500 4131 ac-

202 4169 384 4255 cepti
447 4190 642 4253 quam
687 4171 843 4233 serii
887 4171 1256 4254 argumenti
1302 4169 1593 4253 fabulae,
1656 4171 1931 4234 tunicati
1977 4167 2200 4257 populi
2244 4169 2512 4233 auribus

199 4272 486 4334 nimium
532 4270 671 4335 fere
714 4269 1011 4353 indulsit,
1060 4270 1408 4336 dummodo
1453 4272 1732 4357 gratiam
1778 4271 1907 4336 sibi
1953 4281 2312 4358 quaereret.
2402 4270 2513 4333 Ex

203 4364 428 4441 Gellio
479 4372 623 4457 (17,
676 4373 791 4461 14)
844 4372 1081 4439 deinde
1136 4371 1610 4456 adnotandum,
1672 4374 2029 4438 Laberium
2069 4374 2168 4435 -rei
2213 4371 2511 4461 publicae
2557 4440 2565 4447 ,
