2917 4950
996 339 1553 413 Pnonpoomnm.
2338 327 2419 392 61

155 517 319 583 saepe
360 499 427 564 in
469 499 725 582 sapiens
765 498 1074 584 abiisset,
1128 495 1397 564 librario
1441 498 1812 562 necessario
1856 499 1970 563 dat
2011 497 2427 574 scribendum

154 602 282 666 fuit.
367 601 503 667 Nos
551 600 1075 665 emendavimus:

434 730 619 818 Saepe
658 744 1001 819 iquoseeudo
1045 743 1144 802 des
1184 743 1441 802 iniuriae
1485 743 1671 802 locum
1716 737 1912 823 (vulg.
1959 740 2096 823 das)
2106 765 2130 816 ;

149 896 287 937 nam
331 875 815 941 coniunctivum
860 872 1282 960 requirebant
1327 873 1396 937 hi
1441 894 1671 938 versus
1718 873 1968 938 collati:
2014 875 2141 940 252
2170 876 2425 940 tacendo

144 977 366 1056 faoiaS,
425 977 548 1042 331
594 977 1065 1059 interpretando
1116 976 1353 1057 facias,
1414 977 1539 1041 645
1578 976 1835 1056 ferendo
1892 979 2132 1041 invites.
2222 977 2426 1041 Recte

148 1079 398 1164 quidem
443 1100 515 1142 se
559 1078 756 1142 habet
786 1077 1241 1159 'indicatiWS,
1300 1100 1449 1142 cum
1496 1087 1560 1142 et
1606 1099 1827 1143 omnes
1874 1076 2029 1144 libri
2074 1078 2251 1142 illam
2296 1079 2425 1143 for-

143 1203 305 1243 mam
346 1188 611 1245 tuentur
639 1189 720 1244 -et
759 1179 1080 1267 particula
1119 1201 1260 1246 oum
1303 1179 1480 1244 idem
1521 1180 1659 1244 fere
1700 1175 1873 1244 v'alet
1915 1180 2090 1266 quod
2132 1190 2423 1246 nostrum

145 1283 336 1382 qamit
377 1283 624 1367 ᾱαεμ),
672 1304 736 1345 v.
782 1282 866 1348 52
911 1291 976 1346 et
1026 1283 1147 1346 122

437 1424 549 1483 Bis
580 1441 805 1497 peccas,
851 1443 983 1483 oum
1016 1425 1286 1498 peccanti
1329 1424 1665 1497 obsequium
1707 1426 2121 1496 accommodas,

441 1524 590 1586 Cum
631 1528 740 1586 das
783 1545 962 1586 avaro
997 1529 1353 1600 praemium,
1397 1531 1465 1585 ut
1507 1531 1707 1587 noceat
1749 1545 1941 1604 myas,

146 1655 527 1743 quamquam
570 1659 640 1722 in
684 1658 1036 1722 enuntiatis
1081 1655 1383 1722 similiter
1426 1657 1723 1722 formatis
1768 1659 2029 1745 saepius
2068 1659 2426 1723 coniuncti-

146 1780 262 1822 vus
318 1757 534 1824 locum
591 1759 720 1824 sibi
773 1758 1068 1823 vindicat
1121 1781 1187 1822 v.
1239 1759 1380 1822 117.
1435 1759 1584 1824 232.
1639 1759 1789 1825 233.
1834 1761 1980 1824 361.
2024 1749 2173 1825 468.
2263 1759 2427 1824 Cum

146 1882 294 1926 vero
321 1862 516 1926 ‘notio
561 1861 933 1948 temporalis
979 1863 1217 1926 transit
1260 1861 1330 1924 in
1374 1859 1911 1945 condicionalem,
1962 1871 2036 1927 ut
2080 1863 2149 1926 in
2194 1883 2427 1946 gerun-

146 1961 234 2026 dii
281 1963 598 2051 exemplis
642 1964 832 2029 modo
876 1963 1170 2050 prolatiS,
1219 1961 1326 2027 vel
1356 1985 1506 2026 cum
1537 1965 1942 2028 enuntiatum
1974 1963 2430 2029 secundarium

145 2064 473 2130 inducitur
515 2065 856 2152 particulis
900 2067 1037 2144 ubi,
1083 2068 1168 2144 si,
1214 2067 1372 2144 nisi,
1421 2075 1486 2129 et
1530 2066 1600 2129 in
1644 2067 1891 2151 protasi
1938 2075 2002 2130 et
2044 2067 2115 2130 in
2156 2065 2432 2153 apodosi

145 2168 625 2232 coniunctivum
669 2167 886 2256 posuit
929 2165 1255 2232 Publilius
1299 2189 1364 2230 v.
1411 2168 1517 2230 21.
1563 2168 1666 2231 88.
1713 2168 1859 2232 285.
1906 2168 2053 2233 394.
2099 2168 2246 2232 427.
2278 2168 2426 2250 635,

143 2290 326 2354 quem
368 2292 432 2338 v.
479 2292 734 2357 1111011110
780 2270 861 2334 78
909 2291 994 2333 ex
1035 2268 1413 2334 melioribus
1462 2268 1833 2349 codicibus,
1893 2292 1961 2332 v.
2010 2271 2089 2336 10
2139 2292 2223 2334 ex
2278 2292 2427 2335 con-

144 2372 382 2437 iectura
439 2372 664 2438 codice
707 2370 1061 2436 Basiliensi
1117 2380 1180 2436 et
1223 2370 1586 2436 rationibus
1642 2372 1931 2436 metricis
1983 2372 2433 2437 commendata

144 2478 482 2557 restituere
527 2472 701 2539 haud
744 2471 1215 2539 dubitavimus.
1304 2449 1455 2540 Uno
1502 2483 1758 2539 tantum
1800 2472 1962 2557 loco,
2011 2497 2076 2539 v.
2106 2476 2255 2560 566,
2298 2493 2429 2540 me-

142 2585 239 2641 tro
298 2586 558 2643 coactus
615 2579 674 2641 si
716 2582 894 2661 potes
948 2578 1215 2664 scripsit
1259 2575 1604 2641 Publilius.
1695 2575 1909 2642 Simili
1964 2576 2244 2664 denique
2298 2599 2430 2641 me—

151 2678 294 2743 dela
346 2678 764 2764 refingendus
823 2688 962 2743 erat
1012 2702 1078 2743 v.
1123 2679 1250 2744 395
1297 2680 1646 2763 (inveniass
1700 2678 1773 2741 F
1806 2680 2108 2766 iuvenies)
2153 2680 2240 2744 ad
2282 2702 2427 2745 nor-

146 2803 311 2845 mam
355 2786 663 2846 versuum
713 2782 856 2847 168.
901 2782 1048 2845 280.
1095 2783 1242 2846 371.
1288 2782 1434 2847 579.

307 2882 648 2949 Modestus
680 2882 790 2948 ille
823 2894 888 2949 et
923 2884 1211 2948 urbanus
1245 2905 1479 2966 sermo,
1521 2905 1711 2970 quem
1741 2885 1811 2947 in
1842 2883 2127 2947 secunda
2156 2904 2434 2970 persona

144 2987 224 3049 ad
267 2986 758 3051 coniunctivum
801 2985 1117 3050 inclinare
1160 2986 1352 3051 modo
1396 2984 1707 3069 vidimus,
1752 2987 1823 3049 in
1850 2983 2145 3049 relativis
2178 3008 2432 3074 quoquc

151 3088 500 3154 enuntiatis
557 3088 992 3153 indicativum
1045 3088 1521 3175 vix-admittit.
1612 3087 1748 3152 Cfr.
1794 3110 1859 3151 v.
1908 3086 2050 3152 172.
2095 3087 2241 3152 209.
2286 3090 2432 3153 314.

149 3190 287 3256 370.
333 3191 480 3256 384.
531 3190 715 3278 (487)
763 3192 948 3277 (507)
991 3191 1137 3255 519.
1187 3191 1331 3256 557.
1377 3190 1524 3255 567.
1569 3190 1717 3254 572.
1763 3190 1909 3254 648.
2000 3187 2181 3269 Quin
2238 3191 2435 3254 etiam

145 3314 282 3357 cum
325 3292 822 3380 pronominibus
869 3296 1152 3376 quisquis
1197 3303 1262 3358 et
1305 3294 1678 3376 quicumque
1720 3292 2175 3357 coniunctivus
2208 3298 2433 3357 secun-

143 3395 258 3459 dae
301 3416 618 3484 personae
661 3397 1096 3481 coniungitur,
1144 3418 1208 3459 v.
1241 3395 1281 3459 9
1322 3395 1635 3476 quidquid
1664 3396 1888 3477 possi'S,
1934 3393 2060 3459 512
2100 3397 2430 3476 quodcum·

143 3520 256 3580 que
286 3500 453 3577 cele-3,
486 3498 610 3563 581
633 3500 943 3580 quidquid
971 3499 1232 3580 auferas
1243 3522 1265 3577 ‚·
1309 3519 1374 3561 v,
1398 3497 1515 3562 551
1560 3504 1851 3583 praestat
1882 3495 2226 3561 emendare
2256 3499 2432 3579 quid—

141 3603 294 3683 quid
323 3602 657 3686 possideas
701 3600 801 3684 (F
808 3602 1172 3684 possidetis)
1220 3621 1413 3686 quam
1445 3600 1748 3682 possides.
1832 3598 2139 3663 Ceterum
2181 3598 2429 3662 indica-

141 3704 349 3768 tivum
394 3726 458 3767 v.
503 3703 630 3769 509
675 3704 986 3786 quidquid
1026 3705 1278 3769 conaris
1321 3703 1638 3789 intactum
1681 3698 2083 3788 reliquimus.

297 3804 441 3878 Sed
485 3806 617 3869 iam
661 3807 820 3871 satis
869 3826 1190 3892 superque
1234 3803 1516 3892 praefati
1561 3825 1804 3868 sumus.
1891 3800 2085 3867 Aliae
2130 3803 2430 3867 emenda-

143 3908 342 3973 tiones
385 3916 501 3972 aut
543 3930 672 3973 non
715 3906 1018 3992 indigent
1061 3906 1457 3987 defensione,
1504 3915 1619 3971 aut
1648 3905 1731 3969 de
1761 3903 2153 3979 emendandi
2180 3906 2431 3970 ratione

145 4008 432 4077 breviter
476 4010 725 4075 dictum
770 4018 869 4075 est
911 4011 982 4075 in
1023 4008 1442 4075 adnotatione
1487 4008 1737 4073 critica.

275 4183 332 4257 *)
369 4186 456 4239 cf.
491 4185 714 4257 aratum
747 4180 897 4252 facio
930 4195 1054 4235 cum
1089 4198 1204 4251 seq.
1239 4182 1560 4238 indicativa

1053 4392 1241 4401 ...ημ-
