2917 4950
834 317 1145 364 romanu
1191 319 1348 366 sirm
1394 318 1853 366 SENTENTIAE.
2193 282 2210 298 ’
2402 305 2484 368 93

358 469 507 534 Non
552 492 810 556 semper
852 493 1075 534 aurem
1119 469 1379 534 facilem
1424 470 1710 538 facilitas
1753 472 1973 538 habet.

358 573 728 658 Numquam
772 595 906 636 non
949 573 1147 636 miser
1191 582 1311 656 est,
1359 574 1472 659 qui
1518 574 1693 659 quod
1735 576 1964 639 timeat
2007 576 2272 660 cogitat.

359 674 447 738 Ni
490 677 605 762 qui
650 675 774 739 scit
818 675 1057 757 facere,
1110 674 1386 739 insidias
1431 676 1641 740 nescit
1684 686 1992 741 metuere.

185 783 310 840 415
357 777 572 861 Negat
620 775 749 840 sibi
792 779 934 864 ipse
979 778 1093 864 qui
1138 777 1312 862 quod
1358 777 1628 842 difficile
1673 789 1774 844 est
1816 781 2003 865 petit.

356 878 650 942 Nimium
692 877 1066 944 altercando
1111 880 1355 944 veritas
1398 881 1741 945 amittitur.

359 977 554 1043 Nullo
600 981 670 1042 in
713 978 855 1046 loco
899 981 1067 1045 male
1115 980 1302 1046 audit
1346 981 1816 1048 misericordia.

359 1081 736 1166 Necessitas
783 1083 958 1170 quod
1003 1082 1191 1165 celat,
1237 1082 1482 1148 frustra
1526 1085 1880 1171 quaeritur.-

358 1183 735 1252 Necessitas
782 1207 975 1270 quam
1018 1185 1323 1272 pertinax
1365 1207 1642 1270 regnum
1685 1185 1901 1250 tenet!

186 1291 313 1350 420
358 1285 567 1349 Nemo
612 1287 935 1351 inmature
977 1288 1253 1352 moritur
1298 1289 1412 1375 qui
1434 1289 1726 1352 .moritur
1769 1290 1987 1352 miser.

356 1387 719 1452 Nocentem
764 1390 878 1474 qui
921 1388 1240 1471 defendit,
1286 1389 1417 1454 sibi
1462 1391 1708 1454 crimen
1751 1392 1946 1477 parit.

356 1489 472 1552 Nil
515 1513 651 1556 non
692 1500 807 1555 aut
849 1489 1010 1555 lenit
1052 1500 1167 1555 aut
1210 1490 1436 1558 domat
1481 1491 1901 1558 diuturnitas,

354 1591 470 1656 Nil
512 1601 703 1679 turpe
749 1592 949 1658 ducas
993 1616 1111 1680 pro
1156 1593 1387 1660 salutis
1432 1593 1740 1660 remedio.

258 1717 266 1724 ’
354 1693 511 1759 Noli
554 1703 966 1759 contemnere
1011 1717 1108 1778 ea,
1156 1719 1321 1784 quae
1366 1720 1648 1762 summos
1693 1696 2060 1762 sublevant.

180 1802 303 1860 425
352 1795 466 1860 Nil
510 1796 692 1861 aliud
737 1799 862 1861 scit
904 1799 1285 1883 necessitaS‚
1334 1821 1528 1886 quam
1571 1801 1856 1864 vincere.

352 1899 561 1964 Nemo
606 1900 895 1964 timendo
938 1900 1025 1964 ad
1068 1917 1392 1966 summum
1437 1904 1740 1988 pervenit
1783 1901 2016 1967 locum.

352 2001 501 2066 Nisi
546 2023 662 2088 per
705 2011 771 2066 te
816 2003 1053 2088 sapias,
1100 2003 1345 2068 frustra
1388 2005 1751 2090 sapientem
1795 2004 2044 2095 audias,

352 2104 750 2169 Necessitati
794 2107 1054 2192 sapiens
1100 2105 1267 2169 nihil
1309 2129 1618 2194 umquam
1661 2091 1878 2193 negat.

350 2207 501 2272 Non
546 2206 742 2271 facile
788 2208 871 2271 de
916 2209 1262 2273 innocente
1309 2210 1554 2274 crimen
1597 2210 1888 2296 fingitur.

177 2315 301 2373 430
347 2309 644 2372 Nimium
686 2309 843 2374 boni
890 2319 989 2374 est
1032 2311 1102 2373 in
1145 2320 1373 2396 morte,
1420 2312 1524 2376 cui
1569 2311 1665 2375 nil
1709 2313 1796 2376 sit
1838 2311 2017 2376 mali.

346 2411 437 2475 Ni
478 2411 722 2496 gradus
770 2413 1090 2495 servetur,
1134 2412 1302 2477 nulli
1344 2415 1526 2479 tutus
1572 2423 1673 2480 est
1717 2415 2007 2479 summus
2053 2412 2255 2479 locus.

346 2511 460 2577 Nil
506 2523 606 2577 est
649 2515 975 2597 miserim,
1023 2538 1213 2602 quam
1261 2516 1377 2580 ubi
1421 2516 1626 2603 pudet
1671 2516 1845 2603 quod
1890 2516 2145 2582 feceris.

349 2616 409 2678 N
415 2638 488 2679 ec
530 2626 806 2681 mortem
848 2617 1137 2703 effugere
1182 2619 1528 2705 quisquam
1570 2640 1693 2683 nec
1735 2640 2022 2683 amorem
2065 2628 2301 2706 potest.

184 2948 450 2991 comens
482 2950 531 2988 v.
563 2900 932 2989 387—435':
964 2932 1023 2988 F
1047 2930 1140 3004 (T)

176 3084 297 3140 412
348 3083 572 3140 facilitas
616 3084 776 3140 habet
806 3085 1031 3159 Meyer,
1065 3087 1219 3158 quod
1246 3089 1680 3143 commendatur
1708 3104 1758 3142 v.
1796 3085 1948 3141 178:
1981 3086 2034 3142 h.
2063 3084 2289 3141 facilitas
2307 3087 2380 3157 F,
2413 3086 2465 3141 h.
2539 3140 2556 3157 x

177 3168 404 3226 felicitas
440 3170 675 3241 Gruter,
707 3172 777 3226 de
808 3189 922 3242 qua
948 3173 1284 3241 corruptela
1311 3170 1391 3241 cf.
1418 3174 1499 3227 ad
1519 3191 1568 3228 v.
1597 3170 1716 3227 278
1837 3169 1960 3227 413
2009 3172 2194 3227 timeat
2213 3172 2472 3245 Inqolst..·

177 3256 328 3310 timet
359 3256 417 3310 F
582 3254 706 3311 414
753 3256 808 3309 ni
839 3256 920 3311 F.-
965 3257 1067 3310 nisi
1096 3250 1376 3327 editores,
1422 3257 1502 3329 cf.
1531 3275 1628 3330 pq.
1664 3254 1742 3311 56
1915 3254 2040 3311 415
2085 3257 2203 3330 ipse
2234 3257 2472 3329 Inqolst.

181 3337 345 3395 Caec.
390 3340 561 3395 Balb.
595 3340 829 3398 Monac.
865 3341 922 3413 1,
958 3340 1055 3396 13.
1088 3342 1281 3397 Paris·
1318 3340 1430 3412 59,
1471 3359 1565 3415 pq.
1603 3341 1698 3397 19.
1732 3338 1846 3413 41,
1908 3341 2064 3397 Vinc.
2100 3342 2170 3395 B.
2203 3356 2289 3413 sp.
2321 3343 2375 3397 d.
2409 3339 2470 3412 4,

178 3422 277 3496 51,
308 3441 397 3497 Sp.
429 3425 559 3480 hist.
594 3425 662 3496 3,
696 3424 804 3481 58:
846 3426 948 3499 ipsi
982 3426 1054 3497 G,
1088 3444 1190 3482 om.
1224 3427 1295 3498 F,
1353 3427 1578 3483 Walter
1608 3427 1834 3499 Burley
1865 3442 1908 3481 s.
1943 3445 1991 3483 v.
2025 3426 2302 3482 Socrates

176 3506 295 3566 416
342 3510 608 3565 amittitur
641 3510 857 3567 Gellius
891 3510 991 3582 17,
1028 3509 1138 3582 14,
1168 3510 1433 3567 Macrob.
1470 3512 1590 3567 Sat.
1626 3510 1686 3583 2,
1721 3510 1779 3582 7,
1808 3512 1940 3568 Joa.
1976 3511 2210 3568 Saresb.
2242 3512 2460 3567 Polior.

179 3593 247 3666 8,
281 3593 389 3649 14:
436 3589 703 3650 evertitur
731 3596 813 3667 F,
856 3596 1123 3652 emittitur
1163 3596 1353 3653 Palat.
1388 3596 1681 3665 Macrobii
1860 3596 1982 3653 417
2029 3596 2182 3652 nullo
2211 3596 2470 3670 Inqolst..·

177 3679 378 3734 nullum
412 3680 470 3733 F
634 3678 753 3735 421
806 3680 908 3735 sibi
949 3682 1151 3736 crimen
1181 3682 1263 3737 F:
1308 3698 1384 3737 cr.
1414 3681 1519 3737 sibi
1553 3682 1791 3755 Inqolst.
1825 3680 2038 3737 sibimet
2081 3682 2282 3737 crimen
2316 3688 2469 3753 parat

185 3764 232 3817 T
393 3763 518 3820 422
569 3764 646 3820 nil
676 3765 941 3839 Inqolst..·
984 3765 1117 3821 nihil
1147 3766 1205 3821 F
1413 3764 1539 3823 423
1586 3767 1662 3822 nil
1691 3768 1952 3841 Inqolst..·
1993 3764 2126 3820 nihil
2156 3765 2265 3820 FT

179 3855 333 3921 turpe
363 3849 444 3905 F.-
491 3850 704 3923 turpius
743 3850 807 3921 T,
839 3859 1083 3923 tempora
1112 3851 1348 3925 Inqolst.
1547 3851 1692 3907 dicas
1726 3850 1872 3925 quod
1903 3849 1963 3905 fit
1992 3865 2092 3923 pro
2124 3866 2170 3904 S.
2203 3867 2249 3906 r.
2290 3850 2354 3922 T,
2387 3849 2469 3921 cf.

179 3951 227 3988 v.
260 3934 379 3992 379
414 3942 470 3991 et
504 3935 584 3991 76
784 3934 907 3993 425
959 3934 1048 4008 Cf.
1082 3954 1129 3992 v.
1165 3936 1285 3993 399
1489 3936 1565 3990 nil
1595 3936 1854 4009 Inqolst.:
1891 3934 2026 3990 nihil
2056 3938 2113 3991 F
2311 3952 2469 4009 quam

178 4018 429 4091 Inqolst..·
461 4021 552 4093 qui
583 4020 642 4075 F
834 4019 956 4078 427
1002 4019 1102 4076 An
1134 4022 1225 4077 ni?
1416 4020 1540 4076 428
1588 4021 1786 4077 Malim
1816 4020 1922 4090 ni13
1970 4021 2050 4093 cf.
2077 4040 2173 4095 pq.
2211 4019 2290 4077 56

190 4102 309 4161 330
357 4106 583 4160 nimium
614 4105 874 4179 Inqolst..·
904 4107 1153 4163 nimirum
1187 4108 1245 4162 F
1380 4100 1414 4139 ‘¹‘
1446 4104 1574 4161 honi
1605 4115 1690 4161 est
1717 4108 1771 4162 in
1803 4113 2012 4178 morte,
2043 4109 2128 4162 cui
2160 4106 2262 4163 nil:
2308 4115 2392 4161 est
2420 4107 2474 4161 in

182 4204 249 4243 m.
280 4188 333 4244 b.
367 4206 489 4245 cum
521 4189 654 4245 nihil
685 4191 742 4245 F
750 4214 769 4254 ,·
813 4191 893 4263 cf.
926 4192 1155 4247 Ennius
1199 4194 1360 4262 apud
1388 4191 1570 4248 Cicer.
1603 4193 1674 4247 de
1701 4194 1804 4265 fin.
1840 4190 1910 4263 2,
1947 4192 2058 4264 13,
2088 4191 2167 4247 41
2215 4190 2468 4246 ‘Nimium

184 4270 312 4329 boni
343 4282 447 4347 cst,
479 4275 569 4330 cui
600 4274 677 4329 nil
708 4284 791 4331 est
826 4271 910 4351 [in
940 4270 1110 4352 diem]
1144 4276 1314 4333 mali.’
1404 4294 1524 4332 cum
1558 4278 1632 4332 nil
1663 4279 1768 4333 siet
1796 4280 2032 4351 Inqolst.
2176 4275 2296 4333 431
2339 4276 2467 4347 for-

184 4363 329 4415 tasse
358 4366 647 4415 serventur
816 4360 939 4417 432
987 4360 1062 4415 nil
1092 4361 1351 4435 Inqolst..·
1395 4362 1527 4417 nihil
1558 4364 1617 4441 F
