2917 4950
501 299 580 363 14
1363 315 1913 366 Pnonneomnm.

483 469 822 551 pleraeque
873 471 1112 552 lepidae
1166 475 1224 534 et
1276 471 1364 534 ad
1417 491 1801 536 communem
1856 491 2215 540 sermonum
2256 490 2441 534 usum
2489 490 2775 554 commen-

507 571 872 635 datissimae
885 622 901 650 ‚
957 591 1033 636 cx
1086 572 1311 653 quibus
1363 577 1513 637 suut
1565 573 1723 637 istae
1780 573 2047 656 siugulis
2088 573 2366 637 versibus
2408 573 2777 638 circumscri-

491 678 664 756 ptae,
711 693 872 754 quas
915 674 1162 738 libitum
1204 674 1402 738 hercle
1444 680 1534 738 cst
1562 675 1928 739 adscribere.
2016 673 2391 761 Sequuntur
2418 695 2653 739 versus
2682 695 2777 736 no-

501 784 675 839 strae
734 775 1042 841 editionis
1098 775 1244 840 362.
1303 776 1408 840 55.
1468 776 1609 840 176.
1672 777 1811 840 106.
1871 776 2014 840 104.
2070 778 2211 842 193.
2257 776 2404 840 221.
2453 777 2601 840 178.
2648 775 2778 839 264.

494 877 642 941 245.
672 877 820 942 645.
853 878 999 942 383.
1030 877 1178 941 416.
1207 877 1355 942 469.
1446 876 1635 958 Quae
1678 887 1897 942 autem
1942 876 2053 942 ille
2096 880 2166 944 in
2214 877 2485 943 edendis
2520 874 2779 942 Publilii

495 981 838 1045 sententiis
884 981 1204 1074 peccavit,
1249 988 1541 1044 nostrum
1586 989 1688 1044 est
1732 979 2039 1044 damnum
2086 981 2266 1066 (nam
2298 988 2621 1068 quotquot
2651 999 2771 1042 ser-

497 1083 636 1146 vati
665 1090 816 1147 sunt
847 1081 1129 1164 codices,
1157 1104 1242 1148 ex
1272 1080 1384 1148 illo
1414 1081 1638 1146 libello
1666 1077 1996 1147 fluxer'unt
2026 1084 2315 1168 omnes);
2348 1081 2535 1147 velut
2562 1102 2778 1146 versus

497 1185 577 1248 37
595 1233 614 1265 ‚
662 1183 1090 1250 Terentianus
1135 1184 1431 1249 Andriae
1474 1185 1549 1267 3,
1595 1185 1669 1268 3,
1715 1185 1831 1267 23,
1881 1185 2012 1251 nisi
2056 1194 2154 1250 est
2196 1184 2281 1249 ab
2326 1182 2782 1272 interpolatore

493 1285 793 1367 additus,
854 1285 1122 1352 editoris
1178 1287 1394 1372 potius
1438 1285 1855 1372 neglegentia
1896 1288 2240 1375 irrepsisse
2285 1287 2556 1352 videtur
2601 1305 2779 1372 quam

492 1387 579 1452 ab
635 1388 778 1475 ipso
835 1387 1118 1453 Publilio
1174 1389 1244 1453 in
1297 1409 1532 1453 scaena
1586 1390 1924 1475 repetitus.
2015 1388 2119 1453 De
2163 1410 2361 1454 versu
2403 1389 2534 1454 338
2580 1387 2777 1452 Labe-

495 1492 717 1572 rian0,
777 1499 842 1553 et
884 1490 1014 1554 430
1056 1490 1360 1556 Enniano
1417 1489 1721 1554 dubitare
1764 1489 1937 1555 licet.
2028 1491 2200 1556 Num
2246 1515 2310 1566 v.
2355 1491 2483 1556 236
2530 1510 2777 1554 accura-

497 1593 751 1656 tissime
779 1590 1050 1656 Publilii
1081 1591 1286 1655 verba
1314 1592 1699 1671 reddiderit,
1735 1593 1979 1657 viderit
2006 1594 2170 1680 ipse.
2254 1593 2488 1680 Aeque
2522 1592 2781 1656 dubium

500 1694 785 1778 videtur,
833 1704 1049 1782 utrum
1094 1715 1160 1760 v.
1213 1696 1446 1761 119-et
1488 1695 1637 1777 438,
1685 1716 1845 1781 quos
1892 1694 2146 1760 codices
2192 1697 2289 1759 sic
2334 1694 2657 1760 exhibent

904 1835 1140 1896 Cunctis
1173 1843 1362 1910 potest
1404 1839 1657 1896 accidere
1670 1881 1688 1906 ‚
1732 1839 1887 1910 quod
1927 1840 2111 1896 cuivis
2142 1842 2346 1911 potest.

904 1937 953 1996 Ο
993 1941 1174 1998 vitam
1217 1941 1424 1998 misero
1469 1941 1701 2014 tomam
1714 1984 1731 2008 ,
1775 1939 1928 2011 felici
1972 1942 2209 1999 brevem.

503 2068 772 2135 editoris
804 2092 889 2133 an
920 2068 1332 2134 librariorum
1365 2070 1559 2157 culpa
1587 2071 1681 2134 sic
1719 2069 1981 2136 formati
2011 2072 2162 2153 sint,
2211 2092 2356 2134 eum
2386 2069 2591 2134 iidem
2624 2063 2781 2154 apud

506 2173 818 2239 Senecam
865 2173 961 2236 sic
1005 2173 1232 2258 scripti
1277 2171 1613 2257 legantur:

909 2313 1108 2374 Ouio-is
1139 2319 1326 2388 potest
1369 2316 1650 2385 accidere,
1695 2317 1849 2389 quod
1891 2317 2165 2390 cuiquam
2197 2321 2401 2390 potest.

905 2416 954 2476 O
994 2420 1116 2477 vita
1157 2419 1366 2477 misero
1410 2418 1613 2493 louqa,
1657 2417 1811 2490 felici
1856 2419 2057 2478 brevis.

666 2549 808 2613 Iam
867 2549 1020 2612 inde
1063 2570 1104 2612 a
1149 2547 1350 2612 Gellii
1405 2549 1810 2637 temporibus
1864 2571 1982 2636 per
2038 2549 2165 2613 duo
2198 2529 2489 2637 ‘amplius
2538 2545 2785 2613 saecula

501 2649 702 2715 altum
762 2649 844 2714 de
888 2650 1174 2715 Publilio
1219 2649 1555 2715 silentium
1599 2662 1717 2716 cst.
1805 2652 1975 2715 Nam
2021 2653 2193 2738 quod
2247 2652 2782 2739 Hieronymus

502 2755 572 2817 in
635 2753 914 2840 epistula
967 2752 1050 2816 ad
1105 2754 1383 2818 Laetam
1442 2755 1559 2818 107
1621 2754 1780 2838 (vol.
1827 2754 1882 2817 I.
1941 2778 2003 2841 p.
2063 2755 2188 2819 679
2244 2753 2401 2818 edit.
2453 2750 2787 2843 Vallarsii)

504 2846 805 2943 scripsit:
855 2856 1012 2938 Leyi
1056 2858 1372 2937 quondam
1415 2858 1489 2919 iu
1531 2857 1754 2921 scholis
1771 2878 1937 2939 puer
1982 2855 2209 2939 ‘Acqrc
2235 2858 2600 2939 reprendas,
2634 2850 2787 2937 quod

502 2960 682 3022 siuas
725 2963 1151 3035 cousuescere’,
1200 2959 1323 3021 etsi
1363 2957 1721 3021 Publilium
1764 2956 2016 3022 redolet
2060 2968 2124 3023 et
2154 2958 2641 3045 Hieronymum
2670 2956 2785 3019 Ro-

502 3081 646 3122 mae
691 3059 1019 3123 eruditum
1065 3080 1207 3121 esse
1253 3068 1316 3122 et
1359 3060 1819 3143 grammaticos
1860 3061 2078 3146 pueris
2112 3061 2469 3125 sententias
2501 3060 2785 3124 ediscen-

504 3162 620 3225 das
667 3160 928 3226 dedisse
973 3169 1226 3224 constat
1271 3160 1452 3245 (Sen.
1502 3163 1690 3249 epist.
1736 3164 1841 3245 33,
1889 3162 1981 3247 7),
2028 3163 2097 3226 in
2140 3162 2381 3226 nostris
2424 3165 2649 3226 tamen
2694 3180 2785 3221 co-

503 3263 765 3328 dicibus
819 3262 994 3327 hunc
1049 3262 1311 3349 quidem
1366 3286 1630 3328 versum
1673 3265 1981 3351 non'legi
2024 3250 2415 3329 monendum
2461 3275 2597 3350 est,
2656 3259 2785 3339 scd,

501 3366 674 3452 quod
731 3364 817 3429 ad
872 3366 1295 3448 sententiam,
1352 3389 1485 3431 non
1537 3367 1817 3433 multum
1862 3368 2194 3432 diversum
2241 3389 2306 3430 v.
2354 3368 2437 3431 85
2483 3366 2788 3432 Con-sucta·

499 3470 660 3532 vitia
699 3468 982 3549 ferimuS,
1028 3482 1158 3533 riou
1208 3468 1658 3552 reprendimuS.
1748 3470 2189 3535 Nihilominus
2236 3469 2343 3533 vel
2388 3479 2564 3533 certo
2609 3465 2785 3532 testi-

379 3622 382 3627 .
502 3570 721 3652 monio
766 3568 1151 3635 destitutum
1195 3593 1324 3635 non
1367 3574 1604 3637 mirum
1649 3573 1889 3637 habere
1934 3570 2153 3654 debet,
2198 3571 2437 3657 legisse
2467 3572 2787 3653 Hierony-

501 3695 680 3737 mum
724 3670 998 3738 Publilii
1053 3694 1314 3737 versus:
1377 3676 1770 3760 suffragatur
1823 3676 2029 3756 enim,
2087 3684 2161 3738 ut
2215 3672 2381 3738 nihil
2437 3673 2653 3737 dicam
2710 3669 2786 3731 de

494 3775 784 3840 chronici
831 3773 970 3840 loco
1015 3797 1211 3863 supra
1252 3775 1450 3841 allato
1499 3777 1614 3863 (cf.
1660 3799 1770 3865 pg.
1815 3777 1956 3863 10),
2004 3776 2062 3840 ei
2110 3779 2517 3841 coniecturae
2561 3794 2784 3841 versus

492 3876 576 3941 ab
623 3874 845 3942 e'odem
893 3876 1219 3960 laudatUS,
1266 3879 1336 3941 in
1378 3878 1595 3944 Iovin.
1640 3878 1756 3945 lib.
1801 3880 1861 3944 Ι.
1906 3880 2027 3945 sub
2072 3882 2183 3943 fin.

901 4001 1158 4075 Difficile
1200 4006 1548 4074 custoditur,
1594 4006 1747 4079 quod
1777 4006 1981 4079 plures
2022 4011 2245 4075 amant,

498 4116 555 4179 si
599 4113 947 4179 contuleris
993 4138 1058 4178 v.
1103 4116 1228 4181 326
1273 4128 1336 4181 et
1378 4119 1505 4183 408

843 4239 1108 4299 Maxi-mo
1139 4242 1358 4314 periclo
1401 4237 1735 4313 custoditur,
1780 4245 1932 4318 quod
1972 4246 2170 4315 multis
2199 4244 2405 4319 placet.

841 4340 982 4401 Nori
1023 4344 1192 4414 facilc
1233 4343 1390 4402 solus
1427 4363 1647 4415 serves,
1692 4348 1844 4419 quod
1884 4348 2083 4405 multis
2114 4348 2320 4420 placet.
