2917 4950
461 291 542 354 78
677 353 686 362 ,
1085 301 1400 350 ruamur
1449 301 1607 349 sm
1652 297 2111 349 sum-mirum.

629 455 907 524 Fulmen
951 464 1070 538 est,
1113 455 1232 520 ubi
1275 457 1421 519 cum
1468 461 1792 542 potestate
1835 450 2094 517 habitat
2135 448 2501 516 iracundia.

465 568 584 626 185
629 559 904 625 Frustra
945 580 1093 622 cum
1135 556 1221 622 ad
1261 555 1591 621 senectam
1620 563 1891 620 ventum
1918 562 2043 636 est,
2086 555 2344 639 repetas
2374 551 2755 616 adulescen-

1679 658 1859 725 tiam.

633 763 901 830 Falsum
943 761 1368 827 maledictum
1409 758 1794 826 malivolum
1834 757 2244 822 mendacium
2288 766 2411 822 est.

632 865 944 931 Feminae
985 865 1286 928 naturam
1327 883 1556 948 regere
1600 860 1951 948 desperare
1995 867 2097 924 est
2138 858 2365 924 etium.

635 967 840 1032 Feras
883 965 1130 1050 facilia,
1175 974 1250 1030 ut
1293 961 1595 1028 difficilia
1636 960 1950 1050 perferas,

635 1068 929 1135 Fortuna
971 1069 1185 1133 vitrea
1227 1074 1357 1131 est:
1403 1075 1545 1130 tum
1590 1087 1737 1128 cum
1778 1062 2081 1150 splendet
2124 1062 2467 1148 frangitur.

469 1182 496 1237 1
509 1181 591 1238 90
635 1170 837 1236 Feras
883 1170 1057 1258 quod
1101 1168 1326 1251 laedit,
1372 1177 1446 1232 ut
1490 1165 1665 1254 quod
1708 1167 1975 1254 prodest
2015 1165 2327 1252 perferas.

635 1272 826 1337 Facit
868 1281 1128 1356 gratum
1171 1271 1454 1351 fortuna,
1499 1291 1693 1356 quem
1732 1290 1925 1336 nemo
1969 1266 2177 1332 videt.

635 1375 933 1440 Fortuna
975 1371 1348 1438 hominibus
1392 1370 1539 1458 plus
1584 1393 1781 1458 quam
1822 1368 2166 1436 consilium
2210 1369 2407 1434 valet.

635 1474 1012 1561 Fmgalitas
1056 1473 1320 1540 miseria
1361 1483 1463 1538 est
1504 1474 1783 1541 rumoris
1826 1472 2003 1538 boni.

637 1577 862 1643 Grave
909 1576 1378 1664 praeiudicium
1425 1585 1547 1658 est,
1592 1576 1767 1662 quod
1812 1573 2128 1639 iudicium
2172 1595 2304 1638 non
2347 1572 2567 1638 habet.

471 1688 590 1747 195
637 1680 1050 1747 Gravissima
1095 1688 1196 1744 est
1239 1678 1431 1766 probi
1475 1678 1756 1743 hominis
1800 1675 2162 1742 iracundia.

636 1781 879 1847 Gravis
923 1782 1127 1846 animi
1171 1803 1380 1868 poena
1425 1790 1545 1864 est,
1592 1801 1785 1866 quem
1828 1787 1980 1866 post
2020 1778 2183 1844 facti
2225 1779 2538 1866 paenitet.

473 2026 744 2070 comens
789 2029 839 2064 v.
889 2009 1249 2069 166-1921
1300 2009 1525 2065 PRBF
1572 2007 1797 2080 (Tre),
1873 2006 2096 2064 v>193
2142 2008 2224 2077 F,
2289 2025 2339 2060 v.
2395 2005 2765 2063 194-223:

874 2092 1312 2166 memma)

640 2214 761 2274 184
806 2213 1008 2270 flumen
1039 2214 1110 2284 F,
1156 2211 1360 2268 fulmen
1403 2217 1487 2267 est
1528 2211 1720 2286 procul
1762 2209 1925 2266 dubio
1967 2216 2211 2284 potestas
2252 2226 2374 2266 cum
2404 2207 2686 2265 iracundia
2721 2207 2773 2264 T

637 2299 842 2359 habitat
886 2317 992 2356 cm.
1028 2299 1072 2354 0
1246 2297 1364 2354 185
1409 2304 1629 2354 ventum
1674 2314 1779 2352 om.
1814 2296 1859 2352 0
2026 2302 2239 2369 repetas
2268 2293 2509 2351 PRBC:
2555 2295 2766 2368 repetis

469 2386 814 2454 Bet-nensis,
861 2383 1056 2457 recipis
1087 2384 1144 2438 F
1333 2381 1749 2438 adulescentiam
1781 2382 1917 2437 PR.-
1962 2379 2105 2436 adol.
2148 2380 2263 2436 BF
2456 2379 2577 2437 186
2620 2379 2768 2434 iudi-

467 2471 610 2527 cium
641 2478 726 2527 est
757 2469 802 2527 G
995 2467 1112 2526 187
1161 2467 1389 2524 feminae
1418 2484 1599 2523 curam
1630 2467 1718 2539 R,
1761 2465 2077 2522 feminarum
2106 2483 2286 2522 curam
2315 2465 2591 2523 Pithoeus

467 2572 600 2629 rege
628 2555 784 2611 redet
811 2570 970 2628 spere
1002 2553 1057 2608 P
1221 2562 1307 2609 est
1337 2554 1508 2609 otium
1537 2554 1841 2609 Pithoeus.-
1886 2551 2067 2607 odium
2099 2560 2184 2607 est
2212 2552 2289 2621 L,
2322 2550 2541 2606 hodium
2576 2558 2667 2606 est
2702 2550 2765 2619 C,

464 2650 552 2697 est
593 2640 828 2696 omnium
874 2640 1156 2697 Erasmus
1352 2638 1471 2695 188
1516 2638 1657 2694 feras
1688 2638 1897 2694 PRFG
1937 2637 2094 2693 Vinc.
2134 2638 2276 2693 Bell.
2321 2653 2407 2709 sp.
2451 2638 2506 2692 d.
2538 2634 2614 2706 4,
2649 2635 2768 2692 82:

468 2726 552 2782 fer
581 2726 654 2797 B,
688 2726 974 2782 Erasmus
1143 2723 1318 2781 facilia
1363 2731 1423 2778 ut
1464 2720 1703 2778 difficilia
1733 2724 2062 2779 Bentleius:
2108 2719 2345 2777 difficilia
2374 2728 2435 2777 ut
2466 2719 2639 2776 facilia
2674 2720 2774 2777 LC

484 2810 642 2867 Vinc.
815 2809 1058 2884 perferas
1105 2810 1300 2865 PRB=
1339 2808 1632 2881 perfeceris
1676 2808 1740 2879 C,
1784 2807 1954 2863 levius
1996 2806 2237 2881 perferas
2277 2807 2361 2877 F,
2402 2804 2574 2861 levius
2618 2804 2769 2861 feras

471 2898 773 2953 Erasmus.
861 2895 951 2968 Of.
989 2896 1211 2952 Seneca
1247 2894 1480 2967 Thyest.
1514 2892 1634 2951 307
1678 2890 1841 2949 ‘Leve
1882 2899 1966 2949 est
2012 2892 2252 2947 miserias
2297 2890 2472 2961 serre,
2516 2890 2770 2964 perferre

470 2984 678 3056 grave’.
767 2982 907 3037 Fuit
950 2996 1078 3036 cum
1120 2982 1250 3037 coll.
1295 2998 1347 3035 v.
1391 2978 1514 3037 190
1556 2982 1909 3035 conicerem:
1954 2976 2116 3033 Feras
2168 2974 2433 3046 difficilia,
2484 2982 2545 3031 ut
2587 2973 2771 3031 felicia

468 3065 726 3141 per-feras.
908 3064 1022 3121 189
1070 3065 1274 3120 interea
1323 3064 1478 3120 Vino.
1512 3064 1659 3119 Bell.
1692 3080 1783 3135 sp.
1815 3066 1864 3118 d.
1903 3062 1962 3135 5,
1992 3061 2108 3116 121
2282 3067 2367 3117 est
2396 3079 2505 3118 om.
2538 3061 2599 3115 E

469 3166 624 3220 cum,
669 3154 874 3207 omisso
919 3157 1031 3204 tum
1065 3148 1136 3219 C,
1179 3165 1316 3223 quae
1343 3165 1467 3204 cum
1513 3148 1672 3204 Vinc.
1852 3147 1974 3204 190
2018 3146 2109 3219 Cf.
2142 3165 2189 3202 v.
2228 3145 2366 3224 188.
2418 3146 2575 3202 Vinc.
2608 3144 2769 3201 Bell.

469 3253 558 3309 sp.
590 3237 645 3292 d.
677 3234 740 3305 4,
772 3234 851 3291 82
1011 3242 1071 3289 ut
1102 3242 1159 3289 et
1189 3232 1334 3307 quod
1365 3252 1418 3308 p.
1452 3233 1489 3289 f.
1521 3234 1759 3307 Inyolst.
1794 3240 1857 3287 ut
1886 3241 1941 3288 et
1968 3231 2023 3286 id
2055 3230 2202 3305 quod
2232 3249 2287 3305 p.
2318 3229 2356 3287 f.
2392 3232 2609 3287 Gruter
2699 3263 2705 3267 =

463 3319 714 3395 perferas
745 3320 1140 3376 Panlhaleon:
1183 3320 1324 3374 feras
1355 3319 1452 3376 LO
1494 3319 1650 3376 Vinc.
1835 3317 1950 3373 191
2000 3332 2161 3390 quem
2191 3320 2394 3387 recepi
2422 3331 2499 3373 ex
2530 3314 2771 3371 PaRF:

468 3421 632 3479 quam
659 3406 785 3475 Pb,
812 3420 934 3459 cum
967 3404 1022 3459 B
1033 3428 1051 3469 ‚·
1091 3406 1178 3461 cui
1211 3444 1224 3457 .
1260 3444 1272 3457 .
1309 3444 1322 3457 .
1355 3403 1555 3459 invidet
1588 3404 1905 3460 BentleiuS.
1996 3402 2323 3457 Sententia:
2367 3402 2623 3471 absenti,
2664 3405 2775 3474 qui

471 3508 585 3547 non
614 3492 675 3545 in
706 3506 807 3546 ore
836 3493 1038 3547 civium
1071 3496 1369 3559 versatur,
1401 3492 1649 3562 qratiam
1680 3490 1955 3545 eon'eiliat
1980 3490 2113 3558 ipsa
2145 3488 2443 3543 absentiae
2473 3487 2769 3543 condicio.

643 3574 763 3631 192
810 3573 1115 3631 hominibus
1149 3578 1232 3631 vel
1266 3575 1485 3631 omnino
1510 3573 1727 3630 Bolbe.-
1758 3573 1960 3629 homini
1984 3570 2252 3643 PaRFC,
2282 3572 2562 3628 hominum
2584 3572 2735 3629 PbB
2751 3598 2770 3636 ,-

470 3662 594 3736 plus
623 3659 828 3716 homiui
865 3659 1080 3715 Gruter
1280 3658 1399 3716 193
1449 3659 1665 3715 Gellius
1699 3659 1797 3730 17,
1834 3658 1929 3716 14.
2017 3656 2321 3731 Frugalitas
2354 3657 2596 3729 Gellius,
2635 3657 2771 3713 Ma-

473 3748 628 3803 erob.
663 3744 787 3802 Sat.
836 3744 906 3815 2,
942 3743 1041 3815 17,
1072 3746 1196 3801 Ιοα.
1232 3745 1469 3801 Saresb.
1504 3744 1716 3800 Policr.
1751 3743 1823 3815 8,
1857 3744 1953 3824 13.
1992 3741 2101 3797 14.·
2144 3741 2409 3816 fragilitas
2451 3758 2589 3799 rum.
2633 3741 2770 3797 boni

473 3848 542 3885 m.
575 3836 660 3886 est
692 3832 774 3895 F,-
813 3832 1017 3885 inserta
1047 3837 1134 3886 est
1160 3831 1298 3885 libri
1328 3828 1575 3885 Gelliam·
1602 3878 1605 3883 .
1785 3829 1983 3885 inserta
2023 3835 2111 3885 est
2148 3827 2285 3883 libri
2324 3828 2575 3885 Gelliani
2752 3816 2761 3831 '

477 3913 596 3971 194
643 3922 727 3969 est
767 3915 1115 3988 proluditium
1158 3916 1211 3971 R
1433 3914 1503 3968 ai.
1546 3929 1709 3987 grave
1742 3906 1763 3990 ΙΙ
1797 3921 1880 3969 est
1923 3912 2069 3986 quod
2111 3928 2239 3986 prae
2272 3906 2294 3991 ΙΙ
2329 3912 2489 3969 hahet
2526 3914 2619 3969 Pa
2660 3930 2768 3970 ea:-

475 4007 653 4056 tremo
695 4017 876 4071 mar-9.
918 4002 998 4056 ad
1034 4004 1304 4059 dextram
1335 4015 1454 4055 rec.
1486 4017 1559 4054 m.
1598 4001 1747 4054 unde
1788 4000 2077 4071 colliyit'ur
2113 3998 2416 4055 librarium
2456 4001 2768 4070 scripsisse

473 4100 636 4159 grave
669 4077 980 4159 [iudicium]
1025 4093 1112 4141 est
1152 4084 1298 4159 quod
1327 4079 1747 4160 prae[iudicium
1779 4076 1919 4158 non]
1953 4081 2143 4153 habet,
2182 4085 2459 4157 quomodo
2488 4083 2767 4140 Pithoeus

475 4170 674 4240 edidit,
703 4170 809 4224 sed
835 4169 1137 4241 bibliopeyi
1161 4171 1459 4239 socordia,
1492 4183 1644 4241 quae
1673 4171 1906 4225 uncinis
1934 4169 2171 4238 inclusi,
2204 4170 2433 4225 abscisa
2466 4162 2594 4223 esse

477 4252 596 4311 195
643 4252 770 4324 EC,
815 4253 894 4325 ef.
940 4272 990 4309 v.
1025 4254 1106 4311 53
1307 4247 1493 4329 probi]
1536 4252 1636 4309 sibi
1698 4253 1857 4310 Vinc.
1902 4253 2053 4309 Bell.
2102 4268 2197 4324 sp,
2234 4254 2287 4309 d.
2332 4252 2404 4324 4,
2438 4251 2560 4309 133

475 4338 797 4395 uerecundia
831 4338 875 4395 0
1035 4338 1152 4396 196
1201 4336 1287 4412 Cf.
1322 4356 1371 4394 v.
1410 4337 1550 4393 111.
1586 4338 1727 4396 366.
1762 4338 1903 4395 601.
2069 4346 2193 4410 post
2224 4337 2348 4393 sacti
2383 4336 2577 4395 PRB:
2620 4342 2681 4394 in
2712 4339 2770 4394 F
