2917 4950
408 259 530 324 146
1316 274 1412 320 DE
1458 272 1788 321 norimus.

416 436 583 494 119⁶.
606 428 755 494 Non
800 438 899 493 est
945 426 1115 514 quod
1162 425 1520 494 insolenter
1563 425 1946 491 felicitatem
1979 423 2277 507 fatearis,
2321 423 2552 510 †quod
2579 445 2726 487 non

600 529 836 594 fuisset
879 530 1005 594 tibi
1046 531 1470 617 insperatum.
2057 525 2070 534 ‘

414 640 557 698 120.
608 633 857 720 Turpia
885 653 969 698 ne
1000 631 1285 715 dixeris3
1321 629 1640 718 paulatim
1671 632 1840 694 enim
1873 630 2086 715 pudor
2113 651 2327 694 rerum
2358 650 2473 716 per
2505 629 2725 692 verba

597 735 980 800 dediscitur.

417 845 560 902 121.
610 836 720 902 Sic
765 837 1011 919 habita,
1058 845 1133 901 ut
1175 837 1391 922 potius
1438 834 1742 899 laudetur
1787 834 2087 899 dominus
2135 856 2326 920 quam
2373 833 2627 899 domus.

419 945 560 1002 122.
609 938 1201 1004 Consuetudinaria
1252 959 1358 1002 res
1414 947 1514 1002 est
1569 937 1971 1002 innocentia:
2030 937 2242 1000 invita
2283 935 2368 998 ab
2413 957 2488 1000 eo
2532 957 2722 1018 rece—

602 1041 721 1124 dit,
771 1063 917 1105 cum
964 1063 1089 1127 quo
1135 1040 1251 1104 diu
1294 1039 1444 1103 fuit.

418 1150 554 1207 123.
604 1143 752 1208 Non
798 1142 1152 1223 damnati0‚
1201 1142 1318 1206 sed
1362 1163 1564 1206 causa
1605 1140 1931 1206 hominem
1975 1150 2233 1228 turpem
2279 1141 2459 1205 facit.

412 1252 556 1308 124.
603 1245 845 1310 Merito
892 1246 1067 1309 enim
1113 1243 1405 1308 damnati
1449 1263 1660 1330 poena
1707 1251 1807 1307 est
1852 1242 2204 1324 damnatiO,
2251 1241 2555 1306 inmerito
2603 1241 2726 1304 da-

598 1346 807 1411 mnati
852 1344 1211 1412 calamitas.
2495 1417 2502 1424 ,

422 1455 561 1513 125.
611 1448 683 1514 Si
726 1446 978 1534 aliquid
1026 1449 1446 1533 cogitaveris,
1495 1448 1624 1512 cito
1670 1446 2012 1534 apparebit
2055 1445 2616 1512 conversantibus

419 1557 561 1615 126.
607 1548 842 1614 Videri
890 1551 994 1613 vis
1038 1549 1123 1614 ab
1168 1549 1544 1615 hominibus
1591 1571 1674 1613 an
1718 1548 1899 1614 non?
1944 1548 2320 1636 Numquam
2364 1549 2572 1614 bonae
2602 1548 2725 1612 ho-

604 1653 881 1717 nestatis
926 1651 1121 1736 longa
1164 1650 1496 1716 simulatio
1544 1660 1664 1716 est.

422 1761 563 1818 127.
612 1753 809 1835 Quod
855 1753 937 1817 de
980 1752 1215 1817 alienis
1258 1753 1590 1818 mentibus
1634 1763 1899 1837 tractas,
1948 1776 2032 1817 ex
2075 1763 2189 1817 tua
2231 1753 2504 1817 iudices.

424 1847 591 1919 1285
612 1855 809 1920 Multi
864 1865 1014 1920 sunt
1058 1854 1427 1940 obligandi,
1488 1858 1682 1942 pauci
1728 1865 1880 1920 sunt
1923 1853 2328 1920 offendendi:
2386 1875 2536 1917 nam
2582 1876 2724 1916 me-

611 1959 820 2022 moria
863 1956 1325 2021 beneficiorum
1372 1956 1628 2042 fragilis
1677 1967 1796 2038 est,
1843 1958 2226 2021 iniuriarum
2272 1966 2492 2020 tenax.

422 2067 561 2123 129.
614 2058 1082 2145 Obiurgationi
1148 2080 1405 2145 semper
1470 2059 1718 2145 aliquid
1776 2059 2003 2124 blandi
2068 2058 2389 2128 admisce:
2459 2056 2726 2122 facilius

613 2162 787 2224 enim
828 2170 1174 2248 penetrant
1203 2160 1407 2225 verba
1439 2182 1606 2247 quae
1635 2161 1819 2227 molli
1851 2160 2102 2226 vadunt
2131 2162 2242 2224 via
2273 2182 2466 2246 quam
2501 2158 2722 2246 [quae]

608 2285 871 2349 aspera:
917 2284 1107 2328 nemo
1154 2264 1327 2327 enim
1372 2286 1443 2326 se
1488 2273 1720 2346 mutat,
1769 2264 1880 2349 qui
1923 2265 2162 2327 mutari
2208 2283 2279 2326 se
2325 2260 2648 2348 desperet.

1104 2461 1135 2487 ·
1750 2487 1756 2503 1

364 2498 383 2521 ἱ
415 2526 483 2596 S,
536 2531 596 2583 in
640 2545 751 2600 quo
799 2528 938 2583 ordo
984 2528 1287 2584 verborum
1331 2530 1500 2585 valde
1542 2529 1812 2584 turbatus
1854 2534 1971 2598 est,
2028 2528 2269 2599 accipere
2309 2525 2405 2581 tibi
2452 2526 2536 2581 Ga

417 2612 577 2668 1190
628 2612 813 2668 GSV=
859 2629 962 2669 om.
999 2615 1150 2669 editt.
1186 2619 1241 2667 et
1272 2615 1436 2669 codd.
1474 2627 1628 2668 rece.
1825 2630 1934 2668 non
1967 2618 2052 2667 est
2085 2610 2230 2685 quod
2267 2610 2427 2667 GbS:
2457 2626 2567 2665 non
2602 2612 2725 2682 qui·

419 2696 540 2752 dem
579 2698 695 2769 Ga,
740 2697 1072 2771 nunquidem
1123 2700 1171 2754 V
1348 2697 1564 2753 fatearis
1610 2697 1768 2753 GbS:
1814 2696 1998 2752 fateris
2047 2697 2159 2766 Ga,
2209 2696 2416 2769 poteris
2461 2694 2537 2758 V,·
2573 2694 2725 2767 fort.

412 2780 719 2855 Numquam
763 2783 1068 2839 insolenter
1110 2783 1319 2838 felicem
1353 2791 1407 2838 te
1439 2782 1686 2854 fateari8.,
1731 2786 1820 2840 vel
1849 2780 2119 2855 Numquid
2157 2824 2169 2836 .
2208 2823 2221 2836 .
2258 2824 2270 2835 .
2306 2779 2558 2836 fateberis
2591 2782 2726 2836 coll.

418 2866 455 2937 S
491 2866 612 2922 142
770 2867 937 2923 fuisse
971 2868 1054 2924 Gb
1226 2861 1263 2900 ²¹⁵
1292 2869 1657 2941 insperatum:
1689 2868 2008 2941 inspiratum
2044 2866 2140 2921 GS
2157 2866 2203 2922 V
2372 2864 2495 2921 120
2538 2881 2725 2919 rerum

417 2969 524 3008 om.
565 2955 729 3026 vulyo
845 2952 1144 3009 dediscitur
1176 2953 1253 3009 G.-
1284 2947 1523 3008 discitur
1543 2953 1606 3025 S,
1639 2952 1929 3008 discutitur
1959 2954 2123 3025 vulyo
2242 2949 2361 3006 121
2411 2950 2526 3005 Cic.
2561 2950 2725 3023 offic.

420 3037 493 3108 1,
528 3037 642 3109 39,
682 3036 799 3093 139
858 3038 983 3093 ‘nec
1028 3038 1189 3094 domo
1233 3037 1520 3109 domium,
1572 3037 1667 3093 sed
1713 3037 1932 3093 domino
1977 3036 2170 3091 domus
2214 3034 2546 3092 honestanda
2587 3034 2722 3089 est'.

416 3120 601 3177 Mart.
637 3123 806 3178 Dum.
838 3124 909 3196 dc
935 3123 1113 3194 form.
1148 3124 1278 3179 hon.
1312 3127 1465 3178 vitae
1495 3122 1566 3195 4,
1601 3123 1637 3175 5
1682 3122 1805 3177 ‘nec
1846 3122 2122 3178 dominum
2154 3121 2288 3176 velis
2319 3137 2440 3175 esse
2471 3129 2662 3175 notum
2697 3137 2728 3173 a

414 3205 615 3277 domu,
666 3205 762 3261 sed
794 3205 1011 3262 domum
1046 3224 1073 3261 a
1106 3206 1372 3262 domino’.
1551 3206 1670 3262 122
1717 3209 1880 3262 invita
1921 3207 1964 3262 S
1976 3232 1990 3260 e
2035 3208 2088 3261 in
2133 3208 2238 3261 vita
2271 3206 2390 3268 Ga,
2433 3203 2728 3260 invitabilia

422 3292 503 3354 P,·
533 3291 697 3347 invita
732 3332 745 3345 .
782 3332 793 3345 .
830 3332 843 3345 .
878 3291 982 3347 fuit
1014 3309 1118 3348 om.
1153 3294 1313 3349 codd.
1350 3309 1507 3349 recc.
1543 3300 1598 3348 et
1629 3295 1753 3348 edd.
1928 3290 2046 3346 124
2097 3290 2215 3346 GS:
2260 3291 2453 3345 merito
2486 3287 2728 3344 damnari

414 3392 591 3448 poena
628 3371 916 3452 [damnati]
954 3384 1063 3438 est:
1096 3376 1367 3449 damnatio
1399 3378 1664 3433 immerita
1693 3376 1994 3433 damnantis
2027 3384 2111 3431 cst
2141 3361 2423 3431 calamitas*
2444 3377 2608 3447 vulyo

424 3459 546 3515 125
596 3460 650 3516 Si
682 3460 809 3515 mali
856 3462 984 3534 quid
1016 3463 1311 3526 Halmius;
1359 3464 1689 3537 cogitauerit
1724 3462 1768 3519 S
1997 3460 2116 3517 126
2163 3458 2470 3515 hominibus
2513 3476 2578 3514 an
2613 3475 2726 3514 non

419 3544 540 3601 GS:
594 3544 845 3601 omnibus
879 3548 1077 3619 vu1905
1115 3548 1262 3619 fort.
1328 3547 1383 3603 Si
1412 3548 1582 3604 videri
1613 3549 1693 3602 vis
1725 3549 1856 3603 coll.
1891 3546 1928 3616 S
1963 3544 2102 3601 125.
2137 3546 2236 3601 37.
2272 3543 2371 3600 24.
2433 3544 2522 3616 Cf.
2558 3544 2733 3601 Sexti
2755 3563 2761 3570 ·

418 3636 566 3686 sent.
602 3629 723 3687 314
772 3628 951 3686 ‘Nulla
994 3631 1265 3689 simulatio
1298 3633 1471 3689 multo
1503 3640 1750 3705 tempore
1782 3629 2014 3687 latebit'.
2090 3630 2462 3703 Demophilus
2491 3647 2587 3701 ap.
2627 3628 2724 3684 Or.

418 3731 617 3787 opusc.
652 3723 798 3772 sent.
837 3716 905 3786 1,
937 3714 1050 3773 40:
1096 3710 1228 3771 ἴσθι
1273 3708 1355 3785 ὠς
1396 3708 1642 3790 οὐδεμία
1685 3713 2076 3790 προσποίησις
2113 3711 2318 3793 πολλῷ
2359 3706 2554 3788 χρόνῳ
2587 3713 2727 3767 λαν-

414 3790 613 3856 θάνει.
823 3800 941 3859 127
989 3795 1024 3833 *
1056 3809 1179 3857 tua:
1212 3804 1321 3857 tuis
1355 3806 1520 3861 codd.
1728 3800 1848 3858 128
1894 3801 2161 3873 ΧεηορῘι.
2194 3801 2380 3857 Anab.
2414 3799 2475 3870 5,
2509 3798 2570 3871 8,
2604 3798 2684 3855 26
2707 3818 2722 3849 =

420 3873 601 3956 ἥδιον
643 3882 766 3942 τῶν
805 3875 1064 3959 ἀγαθῶν
1106 3886 1331 3959 μᾶλλον
1361 3876 1405 3960 ἦ
1433 3884 1556 3943 τῶν
1586 3884 1792 3942 κακῶν
1822 3883 2188 3959 μεμνῆσθαι.
2275 3886 2472 3941 Livius
2501 3884 2562 3956 8,
2596 3884 2657 3955 2,
2691 3884 2726 3941 7

418 3969 840 4043 εειᾱεεοᾸι1ἰιιῐ-ἰε10
874 3988 1029 4043 quam
1075 3970 1321 4029 beneficii
1362 3975 1620 4033 memoria
1652 3973 1990 4046 praesentior
2021 3970 2178 4028 erat'.
2271 3970 2404 4027 Sen.
2437 3969 2631 4041 benef.
2669 3968 2728 4039 1,

420 4056 478 4126 1,
514 4055 549 4111 8
597 4052 693 4110 ‘ita
726 4072 755 4109 a
786 4063 975 4110 natura
1008 4066 1361 4131 conparatum
1393 4069 1510 4129 est,
1553 4067 1616 4114 ut
1647 4059 1808 4114 altius
1838 4058 2063 4112 iniuriae
2094 4072 2252 4130 quam
2284 4056 2472 4109 merita
2503 4052 2731 4109 descen-

415 4140 545 4196 dant
586 4147 643 4195 et
683 4139 774 4195 illa
820 4141 930 4195 cito
962 4138 1234 4214 defluant,
1276 4144 1370 4200 has
1401 4152 1561 4199 tenax
1594 4144 1850 4199 memoria
1881 4141 2196 4197 custodiat’.
2285 4133 2522 4214 fragilis]
2557 4138 2731 4194 facilis

422 4227 547 4281 edd.
729 4223 849 4280 129
898 4220 1135 4299 facilius]
1183 4226 1494 4283 familiarius
1526 4230 1608 4291 P;
1652 4231 1756 4285 sed
1793 4228 1872 4300 cf.
1907 4228 2040 4283 Sen.
2077 4230 2240 4298 epist.
2275 4224 2386 4295 38,
2425 4225 2451 4278 1
2493 4223 2730 4279 ‘facilius

417 4311 621 4367 intrant
650 4308 835 4365 verba’
855 4352 867 4363 .
960 4312 1107 4365 Ante
1138 4327 1297 4368 nemo
1330 4314 1384 4368 P
1411 4306 1569 4370 addit
1587 4338 1602 4366 .·
1645 4313 1936 4369 insectatio
1967 4314 2086 4385 ipsa
2118 4310 2392 4367 moderata
2422 4310 2510 4366 sit.
