2917 4950
757 1323 1080 1413 Publilii
1143 1325 1313 1437 Syri
1375 1323 1825 1413 sententiae.

322 1544 632 1610 Alienum
678 1554 777 1609 est
821 1567 1032 1628 omne,
1080 1545 1393 1632 quiequid
1439 1546 1726 1633 optando
1773 1547 2011 1610 evenit.

286 1647 427 1712 ‘Ab
473 1647 602 1712 alio
648 1655 976 1734 expectes,
1021 1645 1213 1712 alteri
1259 1646 1434 1734 quod
1478 1647 1736 1712 fecerisx.

319 1750 601 1813 Animus
647 1750 863 1814 vereri
907 1750 1034 1837 qui-
1065 1751 1212 1832 scit,
1259 1751 1385 1815 scit
1429 1760 1570 1848 tuta
1613 1749 1897 1836 ingredi.

323 1850 600 1915 Auxilia
642 1849 914 1915 humilia
957 1850 1146 1915 firma
1190 1868 1545 1916 consensus
1592 1849 1773 1916 facit.

242 1961 276 2014 5
317 1953 524 2017 Amor
569 1954 771 2018 animi
813 1952 1086 2018 arbitrio
1133 1955 1434 2038 sumitur,
1481 1976 1612 2018 non
1654 1955 1937 2041 ponitur.
2049 2007 2051 2010 ,

317 2055 456 2119 Aut
500 2065 676 2120 amat
719 2066 833 2120 aut
877 2054 1015 2121 odit
1060 2054 1313 2138 mulier,
1360 2055 1456 2120 nil
1501 2066 1599 2121 est
1644 2057 1905 2122 tertium

168 2195 316 2202 *-

165 2283 416 2326 comens
461 2286 510 2324 v,
548 2267 783 2326 1—34:
829 2267 1115 2325 PRBFV
1140 2266 1284 2341 (EC)

324 2388 355 2442 1
403 2385 612 2443 Seneca
652 2388 872 2461 epistul.
922 2387 992 2460 8,
1025 2388 1092 2445 8:
1152 2371 1437 2461 ‘quantum
1491 2387 1971 2444 disertissimorum
2011 2404 2267 2444 versuum
2306 2390 2451 2446 inter
2560 2453 2563 2458 ,

164 2472 348 2527 mimos
388 2472 550 2529 iacet!
587 2488 772 2548 ‘quam
826 2472 994 2530 multa
1037 2471 1253 2529 Publilii
1294 2490 1404 2529 non
1445 2472 1796 2546 excalceatiS‚
1850 2474 1947 2529 sed
1990 2474 2329 2531 cothurnatis
2370 2475 2451 2532 ‹ti-

163 2556 322 2612 cenda
365 2559 518 2614 sunt!
565 2557 740 2615 Unum
781 2575 996 2615 versum
1028 2560 1171 2629 eius»,
1218 2560 1310 2632 qui
1339 2558 1405 2623 ad
1433 2559 1835 2633 philosophiam
1863 2561 2103 2633 pertinet
2132 2567 2188 2616 et
2218 2560 2284 2616 ad
2313 2561 2451 2617 hanc

159 2647 378 2713 partem,
410 2659 548 2717 quae
579 2643 742 2700 modo
774 2644 878 2700 fuit
905 2646 962 2700 in
993 2642 1258 2715 manibus»,
1290 2643 1541 2715 referam,
1573 2660 1683 2719 quo
1714 2652 1880 2718 negat
1913 2644 2137 2701 fortuita
2166 2646 2223 2700 in
2253 2653 2444 2701 nostro

163 2724 423 2791 habenda;
473 2728 708 2785 alienum
738 2728 870 2786 etc.'
1055 2722 1244 2805 omne]
1278 2729 1497 2785 homine
1528 2728 1715 2786 Bothe
1732 2753 1751 2793 ,-
1793 2747 1899 2785 om.
1953 2729 2055 2801 VC,
2098 2730 2289 2787 codeoe
2318 2732 2448 2787 Am-

155 2812 458 2880 plonianus
491 2812 768 2885 Senecae,
821 2816 1152 2872 Vincentius
1183 2814 1624 2872 Bellovacensis
1654 2830 1810 2887 spec.
1844 2816 2028 2871 doctr.
2064 2814 2120 2885 5,
2159 2814 2236 2871 76

160 2897 296 2951 venit
338 2896 394 2969 0,
459 2899 789 2957 Vincentius
840 2901 1003 2957 codd.
1058 2901 1379 2958 deteriores
1422 2900 1685 2957 Senecae
1889 2899 1925 2955 2
1974 2899 2177 2955 Seneca
2216 2900 2439 2973 epistul.

164 2979 264 3051 94,
309 2981 417 3039 43:
487 2984 631 3057 ‘quis
683 2993 862 3041 autem
914 2986 1193 3058 negaverit
1249 2984 1398 3041 feriri
1442 2983 1763 3059 quibusdam
1814 2985 2118 3058 praeceptis
2159 2981 2449 3041 efficaciter

161 3066 308 3122 etiam
346 3068 780 3142 inpertissimos?
836 3070 988 3126 velut
1030 3070 1112 3126 his
1153 3068 1483 3138 brevissimis
1530 3069 1783 3142 vocibuS‚
1833 3069 1930 3126 sed
1974 3069 2201 3125 multum
2246 3068 2445 3126 haben-

163 3148 293 3207 tibus
332 3152 619 3227 ponderis:
665 3153 730 3211 ab
773 3154 878 3211 alio
919 3154 1050 3211 etc?
1141 3156 1408 3212 Lactant.
1455 3158 1631 3215 instit.
1676 3156 1770 3212 lib.
1801 3156 1853 3212 1.
1901 3172 1993 3226 cp.
2044 3154 2152 3227 16,
2189 3154 2267 3213 10
2314 3155 2447 3211 ‘non

161 3234 365 3310 illepide
395 3237 599 3295 Seneca
638 3240 694 3296 in
736 3238 885 3297 libris
929 3239 1147 3297 moralis
1189 3240 1569 3315 philosophiae
1604 3282 1616 3295 .
1654 3283 1665 3295 .
1704 3282 1716 3295 .
1753 3283 1766 3296 .
1800 3240 1863 3295 ab
1896 3240 1999 3296 alio
2032 3238 2164 3297 etc.'
2195 3264 2280 3287 =---
2312 3239 2447 3297 Sen.

155 3319 361 3396 fraqm.
401 3324 554 3396 119,
587 3326 676 3381 ed.
712 3325 901 3381 Hans,
983 3326 1300 3397 Inscriptio
1341 3330 1398 3381 in
1433 3326 1672 3382 Gruteri
1716 3326 1993 3382 thesauro
2024 3343 2090 3398 p.
2127 3323 2249 3382 928
2280 3344 2338 3381 n.
2375 3325 2443 3383 9.-

159 3407 252 3460 ΑΒ
277 3435 292 3449 ·
308 3408 493 3465 ALIO
509 3437 523 3450 ·
543 3409 854 3467 SPERES
875 3438 890 3451 ·
911 3411 1223 3468 ALTERO
1239 3440 1252 3454 ·
1269 3408 1318 3478 Q
1341 3412 1387 3467 V
1391 3410 1491 3467 OD
1507 3437 1521 3451 ·
1537 3409 1901 3467 FECERIS.
2004 3409 2091 3483 Cf.
2142 3410 2441 3483 lamprid.

158 3493 314 3551 Alex.
351 3493 554 3551 Sever.
589 3494 667 3552 51
716 3492 888 3553 ‘visne
931 3496 1036 3552 hoc
1074 3497 1130 3551 in
1171 3512 1304 3570 agro
1338 3502 1435 3551 tuo
1468 3494 1616 3566 fieri„
1662 3495 1811 3570 quod
1841 3495 1997 3551 alteri
2028 3494 2158 3551 facis
2172 3495 2220 3551 ‘t’
2272 3494 2442 3553 Caec.

161 3576 316 3635 Balb.
362 3579 598 3637 Monac.
636 3581 701 3653 1,
735 3580 847 3652 29,
881 3599 984 3655 pq.
1020 3580 1132 3653 20,
1193 3581 1348 3638 Vinc.
1393 3581 1615 3639 Bellov.
1661 3590 1819 3652 spec.
1864 3582 2048 3638 doctr.
2082 3579 2155 3653 4,
2188 3581 2287 3638 67.
2327 3580 2445 3638 132

315 3664 352 3722 3
401 3666 494 3740 qui
535 3667 638 3722 scit
690 3667 865 3723 vereri
927 3667 970 3723 V
1152 3674 1270 3724 tuta
1311 3666 1541 3723 PRFV
1568 3665 1785 3722 Gruter
1826 3682 1905 3725 ex
1940 3667 2263 3723 codicibus:
2322 3672 2445 3722 tuto

158 3748 234 3805 Pa
265 3766 422 3805 corr.
457 3766 579 3807 rec.
613 3768 685 3806 m.
723 3752 778 3807 B
807 3768 991 3823 supra
1022 3768 1139 3808 scr.
1174 3768 1290 3809 sec.
1325 3771 1397 3809 m.
1432 3752 1557 3809 eod.
1593 3752 1927 3823 Bernensis,
1964 3752 2067 3808 alii
2095 3751 2257 3808 codd.
2296 3751 2442 3807 Gru-

161 3837 286 3903 teri,
317 3836 639 3899 Erasmus‚·
682 3842 834 3891 tutus
870 3836 935 3907 0,
970 3844 1094 3911 apta
1124 3837 1181 3893 B
1351 3835 1579 3912 aggredi
1611 3837 1898 3893 Erasmus
1930 3843 1985 3892 et
2016 3836 2178 3893 codd.
2213 3838 2445 3908 quidam

163 3916 386 3975 Gruteri
582 3918 622 3974 4
666 3921 896 3979 humana
943 3922 991 3979 V
1187 3920 1337 3977 firma
1381 3925 1572 3979 erasis
1616 3923 1825 3979 litteris
1862 3921 1919 3976 in
1970 3921 2048 3993 Β,
2100 3921 2251 3977 unde
2297 3937 2445 3978 com-

161 4006 454 4062 mendatur
483 4009 822 4063 coniectura
860 4008 1078 4080 Tanaq.
1114 4008 1301 4063 Fabri
1329 4007 1538 4063 Auxilia
1569 4004 1777 4062 infirma
1810 4004 1993 4075 firma3
2041 4003 2230 4061 firmus
2278 4006 2324 4063 V

162 4103 448 4146 consensus
489 4090 578 4147 Pa
621 4110 802 4167 marq.
849 4080 970 4149 rec.
1015 4110 1087 4148 m.
1132 4091 1433 4149 RFVEC:
1488 4108 1779 4149 consessus
1820 4091 1934 4161 Pb,
1981 4089 2266 4147 confessus
2297 4090 2447 4147 PaB

316 4174 352 4232 5
401 4175 576 4231 Animi
605 4175 828 4233 arbitrio
859 4193 1010 4233 amor
1039 4178 1314 4234 Pithoeus
1461 4194 1547 4233 an.
1582 4177 1675 4251 qui
1704 4175 1817 4232 arb.
1870 4177 1915 4233 V
2054 4176 2090 4233 6
2139 4175 2240 4233 EC
2286 4177 2443 4232 Vinc.

169 4258 362 4317 Bellon.
407 4277 566 4333 spec.
609 4264 796 4319 doctr.
843 4260 913 4335 5,
951 4262 1047 4318 10.
1092 4278 1179 4334 sp.
1226 4269 1346 4317 nat.
1394 4261 1507 4333 31,
1557 4260 1676 4317 115
1860 4254 1895 4291 *
1926 4261 2029 4318 nil:
2076 4260 2209 4316 nihil
2253 4261 2327 4329 L,
2362 4261 2445 4334 cf.

157 4358 242 4416 pq.
276 4344 354 4402 56
530 4348 750 4403 testium
780 4348 847 4417 F,
881 4354 1092 4403 certum
1142 4348 1186 4403 V

251 4434 501 4490 Punmr'ua
528 4451 691 4491 Snus.
