2917 4950
478 307 604 372 130
1036 323 1041 328 ·
1264 320 1703 370 snum-mun
1748 319 1970 372 maso

646 475 877 541 Omnis
932 475 1043 562 qui
1097 475 1347 542 amicus
1404 485 1504 541 est
1559 485 1770 558 amat,
1827 475 1944 540 sed
1999 498 2129 541 non
2181 476 2392 542 omnis
2437 476 2550 564 qui
2593 486 2776 542 amat

1691 579 1940 644 amicus
1989 588 2109 645 est.

646 680 954 746 Omnium
1000 689 1100 746 est
1145 681 1505 746 eommunis
1549 679 1819 763 amicus,
1867 681 1980 767 qui
2022 680 2228 747 hostis
2274 691 2375 748 est
2419 705 2705 748 suorum.

479 787 600 847 275
648 781 916 848 Oriente
962 781 1099 848 sole
1142 782 1510 866 consilium,
1555 780 1896 847 occidente
1939 783 2335 850 convivium.

646 885 883 950 Pacem
928 906 1075 949 eum
1119 884 1492 950 hominibus
1537 880 1836 968 habebis,
1880 883 2128 952 bellum
2169 909 2316 952 eum
2360 887 2564 952 vitiis.

644 987 1051 1052 Parcendum
1118 997 1218 1054 est
1281 985 1730 1075 improbandis
1785 988 2079 1073 civibus,
2143 1012 2275 1055 non
2329 988 2523 1054 aliter
2576 1011 2776 1076 quam

1695 1088 2004 1155 membris
2049 1090 2533 1178 languentibus.

643 1193 885 1258 Parere
929 1192 1098 1256 seire
1141 1213 1262 1281 par
1304 1191 1580 1278 imperio
1624 1189 1836 1277 gloria
1881 1201 1997 1258 est.

642 1295 857 1360 Parvo
899 1293 1107 1358 fames
1153 1303 1429 1378 constat,
1475 1314 1714 1379 magno
1758 1293 2119 1361 fastidium.

475 1402 600 1463 280
642 1396 790 1461 Pati
836 1417 1103 1462 neeesse
1148 1403 1247 1462 est
1290 1394 1499 1460 multa
1539 1393 1884 1460 mortalem
1925 1397 2116 1464 mala.

643 1498 865 1563 Patria
911 1507 1030 1581 est,
1074 1497 1470 1584 ubicumque
1513 1498 1680 1563 bene
1725 1498 1996 1563 vixeris.

642 1599 972 1665 Peccandi
1015 1600 1478 1666 verecundiam
1521 1600 1686 1664 facit
1728 1601 1873 1689 ipsa
1914 1600 2259 1668 clementia
2301 1603 2611 1690 regentis.

644 1703 927 1768 Peeeare
970 1701 1144 1766 nolle
1186 1701 1552 1790 triumphus
1596 1703 2008 1768 innocentiae
2053 1714 2173 1771 est.

644 1805 884 1871 Peccat
928 1805 1255 1888 voluntas,
1304 1806 1429 1870 etsi
1471 1803 1725 1869 nullum
1767 1807 2014 1872 crimen
2058 1818 2178 1873 est.

482 1913 604 1971 285
650 1908 979 1972 Pecuniae
1022 1908 1363 1994 imperare,
1409 1929 1541 1972 non
1585 1908 1834 1973 servire
1879 1910 2204 1976 convenit.

643 2009 931 2074 Pecunia
978 2031 1111 2076 non
1155 2009 1350 2075 satiat
1392 2031 1688 2093 avarum,
1735 2010 1850 2076 sed
1895 2012 2132 2078 irritat.

643 2110 989 2176 Perdenda
1035 2122 1187 2177 sunt
1229 2110 1457 2197 multa,
1505 2121 1579 2178 ut
1623 2112 1824 2177 semel
1866 2135 2071 2200 ponas
2116 2114 2306 2180 bene.

642 2214 824 2280 Perit
868 2213 1196 2302 voluptaS,
1244 2214 1457 2280 virtus
1503 2214 1888 2281 immortalis
1935 2224 2056 2281 est.

641 2317 966 2383 Pestifera
1010 2318 1114 2387 vis
1158 2315 1383 2382 valere
1423 2317 1511 2381 ad
1555 2317 1944 2383 nocendum.

474 2425 599 2486 290
642 2420 879 2508 Pipere
925 2420 1037 2508 qui
1081 2418 1393 2504 abundat,
1440 2418 1725 2485 oleribus
1769 2422 2002 2487 miscet
2044 2421 2253 2510 piper.

641 2522 998 2610 Plerosque
1051 2522 1389 2591 hominum
1450 2523 1521 2587 in
1566 2522 1869 2588 domibus
1921 2524 2368 2607 saevissimos,
2427 2524 2496 2588 in
2537 2523 2774 2589 alienis

1689 2624 2088 2691 humillimos
2133 2648 2381 2691 servos.

643 2726 1041 2814 Plerumque
1085 2727 1367 2793 similem
1413 2727 1597 2793 ducit
1638 2726 1725 2791 ad
1769 2726 2049 2793 similem
2095 2727 2277 2794 (leue.

643 2828 920 2894 Plurimi
963 2839 1131 2916 quot·
1164 2851 1414 2914 servos,
1461 2828 1735 2895 totidem
1778 2828 1998 2896 hostes
2043 2829 2309 2897 habent.

645 2931 1008 2998 Plurimum
1054 2932 1168 3017 qui
1211 2933 1325 3015 sis,
1370 2954 1503 2999 non
1548 2932 1662 3019 qui
1704 2931 2030 3015 habeariS,
2075 2932 2369 2999 interest.

476 3041 598 3100 295
645 3034 861 3099 Pluris
908 3034 1202 3100 docentis
1249 3036 1390 3101 vita
1434 3056 1627 3121 quam
1673 3036 2018 3101 sententia.

648 3262 769 3321 273
817 3263 883 3334 Q.
920 3264 1047 3321 Sen.
1083 3264 1243 3338 epist.
1276 3262 1379 3337 35,
1414 3264 1445 3319 1
1663 3262 1786 3322 274
1833 3265 1895 3333 Q.
1929 3263 2079 3320 Caec.
2110 3263 2254 3322 Balb.
2283 3264 2402 3321 Par.
2435 3264 2505 3337 2,
2535 3282 2630 3339 pg.
2668 3265 2774 3339 37,

473 3348 580 3405 Cio.
620 3349 772 3405 Verr.
808 3350 865 3423 1,
901 3349 1001 3423 15,
1035 3348 1115 3407 38
1249 3348 1369 3407 275
1419 3349 1483 3417 Q.
1517 3348 1666 3406 Caec.
1696 3348 1843 3405 Balb.
1873 3350 1990 3405 Par.
2023 3348 2128 3422 40,
2158 3367 2253 3424 pg.
2275 3349 2355 3405 41
2489 3348 2612 3407 276
2657 3352 2772 3408 Ρη.

473 3434 544 3491 De
575 3452 713 3491 mor.
749 3433 830 3491 34
860 3435 987 3492 coll.
1020 3434 1146 3491 Sen.
1184 3435 1346 3509 epist.
1380 3434 1484 3506 87,
1518 3434 1552 3491 9
1772 3434 1892 3492 277
1942 3435 2040 3492 Ge.
2074 3434 2196 3491 Sen.
2231 3434 2297 3491 de
2329 3434 2485 3491 elem.
2523 3435 2592 3507 1,
2625 3433 2662 3491 5
2683 3480 2700 3508 ,
2740 3438 2770 3491 1

600 3518 722 3577 278
769 3520 867 3576 Ps.
904 3519 1056 3577 Caec.
1087 3519 1234 3576 Balb.
1268 3519 1411 3575 Mon.
1446 3518 1546 3592 18,
1575 3538 1671 3595 pg.
1708 3517 1786 3577 26
1935 3519 2056 3579 279
2104 3521 2212 3577 Bo.
2244 3519 2365 3577 Sen.
2396 3520 2554 3593 epist.
2593 3520 2700 3592 17,
2734 3520 2773 3575 4

657 3603 781 3663 280
824 3604 924 3662 Ps.
1110 3605 1227 3663 281
1280 3606 1380 3663 Ge.
1412 3605 1486 3661 De
1518 3621 1656 3661 mor.
1685 3603 1766 3663 43
1963 3604 2083 3663 282
2133 3606 2229 3662 Go,
2263 3605 2386 3662 Sen.
2419 3604 2485 3660 de
2516 3604 2674 3662 elem.
2715 3608 2774 3677 1,

404 3710 407 3717 ·
476 3690 579 3763 22,
614 3690 650 3748 3
784 3688 906 3748 283
956 3690 1041 3748 Gr
1071 3691 1125 3747 2.
1158 3690 1311 3748 Caec.
1344 3690 1488 3747 Balb.
1525 3689 1668 3746 Mon.
1699 3690 1759 3761 6,
1790 3707 1880 3764 pg.
1907 3688 1983 3747 21
2119 3688 2242 3747 284
2289 3690 2357 3747 F.
2490 3688 2613 3747 285
2658 3691 2772 3761 Ρη,

472 3777 541 3831 F.
576 3776 654 3833 Cf.
691 3778 979 3852 supra'pg.
1015 3776 1116 3849 96,
1148 3775 1229 3834 46
1404 3774 1527 3833 286
1573 3774 1628 3829 R
1660 3783 1715 3830 et
1743 3776 1846 3831 iam
1878 3775 1985 3831 Ps:
2028 3775 2283 3832 Avarum
2313 3778 2347 3830 ί.
2381 3791 2496 3831 non
2527 3790 2573 3831 s.
2601 3792 2662 3847 p.
2702 3776 2774 3831 De

471 3877 613 3916 mor.
661 3861 779 3918 101
968 3860 1101 3920 287-
1135 3861 1233 3919 Ps.
1276 3859 1401 3917 Sen.
1445 3859 1514 3915 de
1551 3858 1732 3917 benef.
1780 3860 1849 3932 1,
1883 3858 1952 3932 2,
1988 3860 2055 3931 1,
2100 3858 2191 3916 ubi
2235 3858 2507 3934 praeeedit
2549 3875 2774 3915 versus:

482 3943 771 4001 ‘Beneficia
811 3948 866 4001 in
907 3946 1105 4021 vulgus
1146 3962 1269 4004 cum
1311 3944 1497 4020 largiri
1539 3944 1899 4017 institueris’,
1941 3961 2100 4018 quem
2132 3953 2186 4000 et
2225 3947 2402 4019 ipsum
2433 3946 2641 4019 recepit
2669 3945 2775 4001 Bo-

479 4028 631 4085 thius
815 4030 936 4088 288
982 4032 1049 4088 F.
1235 4030 1358 4089 289
1407 4030 1508 4087 Ge.
1543 4030 1666 4087 Sen.
1697 4029 1764 4087 de
1794 4030 1947 4086 clem.
1985 4030 2043 4101 1,
2075 4030 2135 4101 3,
2167 4029 2204 4086 3
2391 4029 2514 4086 290
2559 4030 2665 4086 Bo,
2699 4029 2778 4085 Ex

471 4112 766 4188 proverbio
799 4129 997 4189 graeco
1030 4133 1115 4189 ap.
1150 4115 1351 4171 Erasm.
1382 4116 1552 4190 Adag.
1585 4115 1646 4187 3,
1679 4115 1738 4188 3,
1769 4114 1849 4172 37
2025 4113 2146 4171 291
2195 4113 2260 4184 Q.
2295 4113 2445 4170 Coeo.
2475 4113 2617 4171 Balb.
2649 4114 2774 4171 Par.

482 4199 540 4269 7,
573 4217 666 4273 pg.
705 4199 783 4257 38
924 4197 1046 4257 292
1093 4200 1201 4258 Bo.
1236 4201 1392 4256 Hom.
1428 4199 1526 4255 od.
1564 4200 1664 4273 17,
1696 4200 1816 4257 217
1849 4186 1926 4267 ὥς
1954 4193 2068 4263 αἰεὶ
2097 4186 2201 4255 τὸν
2232 4185 2440 4273 ὅμοῖον
2470 4185 2601 4273 ἄγει
2631 4186 2776 4268 θεὸς

477 4271 559 4351 ὡς
600 4270 706 4339 τὸν
750 4275 962 4359 ὁμοῖον
1135 4285 1257 4342 293
1305 4285 1367 4353 Q.
1402 4284 1528 4341 Sen.
1575 4286 1733 4360 epist.
1776 4282 1891 4358 47,
1923 4284 1977 4341 5.
2026 4276 2220 4342 Festus
2261 4303 2308 4342 s,
2355 4303 2403 4341 v.
2445 4282 2588 4352 Quot
2630 4286 2774 4343 servi

643 4368 765 4434 294
810 4370 882 4427 F.
912 4369 990 4426 Cf.
1023 4386 1184 4445 supra
1215 4387 1310 4444 pg.
1348 4370 1494 4443 100,
1525 4370 1604 4428 63
1757 4368 1879 4427 295
1924 4369 1996 4427 F.
