2917 4950
477 287 560 350 28
1353 302 1901 352 PROLEGOMENA.

478 459 602 545 pis
646 457 933 522 Adami
979 457 1358 539 Sartorii,
1405 455 1579 520 unde
1622 455 1710 520 ad
1753 455 1925 520 hunc
1969 477 2174 543 usque
2218 456 2394 520 diem
2440 457 2756 523 Sartorius

479 562 650 625 inter
706 559 989 624 editores
1033 557 1304 622 Publilii
1359 557 1563 622 fuisse
1619 557 2021 645 perhibetur.
2110 558 2275 639 Quis
2333 581 2490 624 vero
2548 559 2757 640 fuerit,

480 663 592 749 qui
636 663 884 750 primus
913 659 1185 727 Publilii
1219 682 1449 726 versus
1482 660 1939 745 Frisingenses
1970 659 2346 748 perpolivit,
2392 684 2514 726 nec
2545 661 2760 725 lectori

479 763 772 851 prodidit
829 761 1041 828 editor
1093 784 1213 826 nec
1270 761 1603 846 Scaligero
1659 771 1797 827 tum
1857 764 2167 849 temporis
2225 765 2567 848 cognitum
2624 764 2759 828 fuit.

481 867 592 932 Sic
646 867 818 930 enim
873 866 944 929 in
1000 862 1279 951 epistula
1333 864 1458 930 351
1514 864 1601 928 ad
1659 862 1967 930 Carolum
2023 863 2407 930 Labbaeum
2466 867 2759 953 scripsit:

480 969 741 1033 ‘Mimos
796 967 906 1031 edi
959 965 1222 1053 plurimi
1279 965 1582 1048 fecerim,
1638 975 1713 1033 ut
1754 965 2057 1031 Loiolitis
2104 965 2761 1052 Ingolstadiensibus‚

478 1071 784 1136 monstris
839 1067 1473 1133 maledicentissimis
1492 1116 1508 1149 ,
1568 1090 1639 1134 os
1685 1068 2058 1151 obturetur,
2117 1071 2230 1154 qui
2272 1068 2479 1136 multa
2520 1091 2631 1133 me
2673 1070 2760 1133 in-

479 1172 732 1236 dustria
775 1171 1093 1252 omisisse,
1138 1168 1270 1233 alia
1313 1171 1510 1233 etiam
1553 1171 1947 1256 pervertisse
1990 1168 2252 1253 dicunt,
2298 1170 2568 1236 XVIII.
2596 1169 2761 1234 Kal.

480 1274 644 1338 Dec.
680 1273 890 1355 1506',
939 1282 1003 1337 et
1046 1273 1117 1336 in
1163 1272 1351 1358 epist.
1395 1273 1523 1336 360
1566 1272 1827 1336 ‘Mimos
1875 1270 2195 1360 publicari
2240 1280 2507 1359 propter
2555 1271 2763 1358 Ingol-

477 1374 876 1440 stadiensem
921 1372 1442 1467 paedagogulum
1488 1377 1827 1462 permagni
1868 1375 2058 1457 facio,
2105 1375 2219 1461 qui
2250 1376 2465 1439 omnia
2494 1398 2602 1438 me
2630 1397 2762 1462 per·
2873 1341 2885 1507 Ι

480 1479 758 1542 vertisse
803 1476 1064 1557 scribit,
1112 1497 1312 1562 quum
1355 1485 1573 1540 tamen
1614 1499 1697 1541 ne
1742 1475 1997 1562 syllaba
2041 1477 2307 1562 quidem
2350 1477 2435 1542 ab
2464 1476 2763 1558 ⁵editione

479 1579 840 1645 Pithoeana
893 1576 1328 1643 discesserim.
1417 1579 1726 1644 Omnium
1770 1577 2197 1644 Loiolitarum
2250 1577 2763 1645 contumeliosis-

481 1683 634 1748 simi
674 1679 1228 1766 Ingolstadienses
1275 1690 1447 1746 sunt.
1536 1681 1753 1766 Lugd.
1800 1681 1947 1745 Bat.
1978 1679 2108 1744 III.
2154 1680 2324 1745 Non.
2357 1680 2522 1744 Dec.
2563 1681 2763 1761 1608’,

482 1807 646 1872 quae
667 1784 870 1849 verba
899 1783 1074 1850 hunc
1101 1782 1527 1869 praefationis
1551 1781 2098 1868 Ingolstadiensis
2130 1781 2343 1865 locum
2374 1784 2761 1871 respiciunt:
2883 1823 2885 1838 ἱ

483 1886 804 1972 ‘Scaliger
856 1887 924 1951 in
977 1885 1190 1948 lucem
1235 1867 1420 1949 dedit
1462 1885 1714 1972 aliquot
1755 1886 1987 1950 mimos
2036 1884 2211 1972 Syri.
2300 1883 2559 1949 Vellem
2605 1885 2763 1949 indi-

482 1998 716 2074 casset,
763 1989 910 2074 quis
955 1985 1053 2053 illi
1095 1989 1164 2051 in
1196 1986 1367 2073 Syri,
1393 1987 1685 2054 editione
1728 1986 1971 2053 fundus
2018 1996 2083 2051 et
2128 2009 2401 2073 quorum
2444 1985 2764 2072 exempla-
2878 2003 2885 2114 ff

481 2093 650 2156 rium
715 2089 912 2156 fidem
979 2096 1242 2153 secutus
1303 2089 1410 2154 sit.
1501 2088 1632 2154 Suo
1687 2089 1961 2155 arbitrio
2022 2087 2185 2154 alios
2250 2091 2481 2154 mimos
2539 2097 2763 2170 mutat,
2881 2117 2884 2164 1

479 2193 643 2259 alios
687 2192 952 2258 omittit.
1039 2190 1179 2256 Nec
1221 2189 1408 2256 deest
1452 2190 1845 2279 exemplum,
1892 2191 2009 2255 ubi
2052 2213 2316 2257 versum
2344 2191 2619 2257 Laberii
2659 2211 2766 2279 pro
2881 2233 2884 2287 Ξ

482 2295 802 2361 Publiano
849 2295 1080 2382 ponit'.
2881 2290 2885 2368 [

653 2397 758 2461 De
803 2397 925 2485 hac
955 2393 1226 2462 Publilii
1271 2395 1557 2461 editione
1586 2393 2121 2481 Ingolstadiensi,
2169 2416 2333 2482 quae
2378 2397 2647 2482 saepius
2689 2394 2765 2458 ad

484 2500 728 2565 calcem
758 2499 1002 2565 Mureti
1046 2520 1314 2585 operum
1358 2499 1641 2585 repetita
1672 2508 1794 2582 est,
1841 2497 2021 2563 velut
2050 2497 2327 2586 Ingolst.
2364 2499 2551 2581 1603,
2593 2499 2765 2576 1608,
2877 2471 2889 2740 ¹

485 2604 780 2669 Venetiis
830 2601 1016 2686 1618,
1061 2600 1327 2688 Lipsiae
1377 2601 1541 2665 1672
1586 2610 1855 2665 curante
1899 2601 2043 2666 Jac.
2090 2600 2476 2682 Thomasio,
2524 2601 2766 2667 ibidem

491 2707 652 2772 1690
695 2703 1063 2791 sumptibus
1110 2703 1258 2769 Joh.
1306 2702 1587 2786 Grossii,
1635 2705 1937 2771 Veronae
1971 2704 2157 2786 1729,
2201 2703 2463 2768 Patavii
2500 2704 2669 2768 1740
2711 2710 2769 2765 et
2880 2745 2888 2818 Ι

489 2809 671 2890 1769,
717 2815 1062 2893 propterea
1105 2805 1402 2893 pluribus
1445 2805 1799 2871 dicendum
1828 2813 1989 2890 erat,
2036 2806 2191 2892 quia
2218 2814 2320 2869 est
2348 2807 2539 2893 quasi
2569 2805 2768 2870 altera
2825 2868 2826 2871 ,
2885 2823 2887 2858 ι

485 2910 905 2991 Erasmiana,
961 2907 1033 2972 id
1091 2916 1190 2972 est
1234 2907 1435 2972 editio
1481 2909 1786 2995 princeps
1832 2931 2141 2975 versuum
2185 2931 2225 2972 a
2268 2908 2504 2972 litteris
2553 2906 2777 2973 N———V

484 3011 970 3097 incipientium,
1029 3030 1150 3073 nec
1191 3018 1411 3073 tamen
1455 3012 1759 3097 cuiquam
1805 3010 2127 3076 editorum
2170 3010 2648 3092 recentiorum,
2694 3030 2769 3071 ne

487 3114 902 3197 Schweigero
947 3109 1212 3196 quidem
1256 3112 1538 3196 cognita.
1626 3112 1989 3178 Laudanda
2032 3123 2133 3178 est
2178 3111 2286 3176 vel
2331 3112 2453 3175 hoc
2488 3113 2769 3190 nomine,
2885 3102 2890 3119 ⁵

487 3214 662 3303 quod
717 3214 974 3278 litterae
1026 3212 1118 3277 H.
1180 3212 1258 3279 G.
1305 3213 1373 3279 S.
1419 3214 1499 3279 F.
1559 3214 1836 3300 singulis
1902 3215 2205 3280 versibus
2269 3214 2609 3301 appositae
2664 3220 2772 3277 aut
2885 3264 2887 3275 .

484 3341 617 3382 non
658 3316 996 3403 appositae
1041 3314 1408 3400 declarant,
1453 3327 1671 3409 utrum
1715 3316 1813 3381 illi
1856 3320 1927 3382 in
1970 3316 2455 3403 exemplaribus
2502 3315 2772 3381 Henrici
2885 3302 2887 3335 ⁷

490 3420 841 3507 Stephani,
900 3416 1298 3500 Godofredi,
1357 3418 1676 3505 Scaligeri
1722 3430 1787 3484 et
1829 3422 1899 3484 in
1942 3417 2169 3484 codice
2212 3418 2621 3503 Frisingensi
2649 3432 2768 3481 'ex-
2885 3402 2887 3443 ³

487 3533 629 3589 tent
673 3542 897 3601 necne,
945 3529 1010 3584 et
1054 3520 1226 3605 quod
1273 3520 1485 3586 editor
1527 3523 1599 3585 in
1643 3521 2105 3587 commentario
2152 3521 2379 3606 critico
2421 3520 2641 3583 varias
2673 3541 2769 3582 co-

489 3626 657 3691 dicis
688 3624 768 3689 F.
802 3622 1116 3688 lectiones
1161 3644 1244 3685 ex
1288 3632 1473 3709 parte
1518 3623 1751 3688 saltem
1796 3624 2108 3688 enotavit.
2200 3620 2331 3687 Sed
2370 3622 2440 3684 in
2471 3620 2769 3685 versibus

489 3724 962 3794 constituendis
1009 3724 1584 3812 expurgandisque
1625 3726 1881 3790 mendis
1926 3726 2199 3789 nimium
2244 3741 2389 3788 sese
2414 3721 2771 3808 applicavit

489 3830 734 3895 codicis
780 3830 1173 3915 scripturae,
1227 3829 1322 3892 ita
1365 3838 1439 3893 ut
1483 3836 1743 3916 postero
1788 3828 2028 3894 editori
2071 3825 2395 3913 permulta
2436 3822 2770 3910 reliquerit

491 3930 801 4012 sananda,
846 3951 969 3993 nec
1013 3928 1221 3993 levius
1268 3928 1579 3994 damnum
1624 3952 1698 3995 eo
1741 3928 1962 3995 attulit
1990 3926 2315 4016 Publilio,
2364 3926 2536 4014 quod
2567 3923 2766 3992 Scali-

491 4055 646 4119 gero
691 4032 1038 4097 obsecutus
1083 4031 1168 4096 ab
1215 4053 1288 4096 eo
1319 4032 1549 4097 ordine
1580 4033 1881 4116 descivit,
1929 4054 2055 4119 quo
2086 4028 2383 4115 singulae
2414 4028 2768 4095 sententiae

489 4138 560 4202 in
615 4133 951 4204 codicibus
1007 4135 1410 4221 perscriptae
1466 4144 1639 4199 sunt.
1729 4136 1831 4204 Cf.
1887 4134 2060 4199 infra
2113 4131 2372 4218 Proleg.
2432 4153 2571 4217 cap.
2629 4126 2769 4195 IIII

489 4237 699 4306 initio.

660 4338 964 4426 Plerique
1017 4340 1475 4425 sospitatorem
1528 4336 1793 4402 alterius
1848 4338 2331 4402 sententiarum.
2374 4336 2581 4422 partis
2636 4332 2681 4398 J
2692 4352 2764 4395 a·
