2917 4950
1002 267 1551 322 Pnonneomnm.
2354 251 2429 320 17

578 325 612 342 N

133 420 276 488 culo
332 426 700 510 posteriore
757 427 1002 514 scripto
1056 448 1208 489 suus
1269 436 1367 492 est
1421 449 1615 509 usuS,
1673 447 1821 489 cum
1865 427 2249 512 praesertim
2294 427 2431 489 eius

128 528 511 591 testimonio
564 526 878 592 nonnulla
933 527 1305 611 firmentur,
1364 550 1531 614 quae
1587 529 1656 592 in
1710 529 2077 614 antiquiore
2132 527 2432 591 Parisino

127 635 237 691 aut
297 627 480 693 lectu
523 628 823 694 difficilia
867 639 1022 695 sunt
1065 638 1179 693 aut
1222 630 1464 694 iniuria
1506 639 1871 717 temporum
1915 628 2107 716 plane
2154 650 2430 692 evanue-

125 738 300 793 runt.
397 731 504 796 Cf.
549 730 635 795 ad
680 754 745 795 v.
789 731 938 799 297.
984 733 1178 801 Prov.
1225 732 1329 796 24.

295 831 626 898 Parisinis
684 833 1022 920 proximus
1087 809 1187 898 est
1233 843 1296 897 et
1344 843 1559 900 aetate
1605 844 1671 898 et
1712 834 2005 899 bonitate
2062 835 2132 918 3)
2181 834 2434 898 codex

123 931 836 1020 Rheinaugiensis
885 936 968 999 95
1013 935 1162 1020 (R),
1207 957 1382 998 nunc
1411 934 1811 1018 Turicensis,
1860 957 2029 1000 saec.
2061 934 2189 998 IX.
2232 957 2430 998 mem-

126 1032 522 1119 branaceUS,
570 1037 752 1101 cuius
797 1038 1099 1102 notitiam
1145 1036 1353 1102 debeo
1396 1037 1697 1102 Conrado
1728 1039 2032 1120 Bursian,
2077 1036 2433 1123 professori

126 1134 509 1201 Turicensi.
600 1137 908 1203 Continet
936 1138 1364 1203 Miscellanea
1395 1161 1478 1204 ex
1510 1139 1627 1205 SS.
1659 1138 1991 1221 Patribus„
2037 1137 2244 1203 veluti
2275 1138 2429 1201 Tern

124 1235 390 1303 tulliani
420 1239 883 1325 fragmentum,
930 1241 1089 1304 item
1121 1253 1430 1329 excerpta
1463 1263 1548 1307 ex
1577 1242 1978 1307 orationibus
2012 1240 2226 1305 Curtii
2254 1239 2403 1303 Rufi
2411 1287 2428 1319 ,

127 1338 205 1400 de
241 1340 500 1425 'quibus
547 1341 863 1406 disseruit
893 1342 1226 1408 Arnoldus
1260 1344 1417 1430 Hug
1459 1346 1533 1409 in
1575 1345 1786 1408 musei
1814 1343 2116 1406 Rhenani
2154 1342 2260 1425 20,
2311 1343 2426 1405 117

126 1462 246 1526 sq.,
295 1463 454 1528 pag.
503 1442 800 1508 91—114
842 1444 1135 1510 ANNEI
1180 1445 1573 1511 SENIOAE
1618 1444 2167 1509 PROUERBIA.

295 1545 372 1630 4)
422 1544 702 1610 Codex
747 1546 991 1616 Turic
1009 1549 1230 1612 ensis
1265 1548 1408 1634 (T),
1443 1548 1518 1612 O.
1553 1548 1655 1630 78,
1698 1546 2229 1610 membranaceus
2262 1567 2429 1610 saec.

129 1643 252 1708 IX.
302 1668 503 1732 quem
532 1639 925 1713 accuratius
984 1648 1334 1736 descripsit
1393 1650 1501 1715 Jo.
1548 1649 1743 1736 Casp.
1802 1647 2087 1713 Orellius
2144 1649 2214 1712 in
2272 1645 2429 1712 Hel-

128 1748 350 1831 perico
410 1771 521 1836 pg.
581 1749 748 1814 2-6
807 1748 1176 1838 (Helperici
1229 1751 1516 1816 Karolus
1578 1751 1858 1836 Magnus
1928 1761 1991 1816 et
2044 1750 2181 1816 Leo
2238 1771 2428 1836 papa,

129 1846 358 1913 Turici
429 1850 645 1936 1832).
735 1850 972 1916 Insunt
1034 1855 1220 1916 varia
1291 1852 1408 1918 SS.
1470 1852 1740 1918 Patrum
1807 1851 2157 1940 opuscula,
2224 1849 2431 1914 veluti

129 1948 522 2017 Columbani
553 1953 894 2040 epistulae,
926 1954 1240 2042 Dionysii
1271 1954 1539 2020 Catonis
1574 1954 1875 2037 disticha,
1908 1955 2230 2019 Prisciani
2261 1955 2428 2040 peri-

131 2055 382 2138 egesis,
441 2052 553 2119 fol.
605 2056 724 2119 157
770 2077 976 2141 usque
1020 2056 1104 2120 ad
1150 2055 1262 2120 fol.
1301 2057 1423 2122 159
1470 2067 1729 2122 centum
1775 2057 2001 2120 decem
2045 2057 2429 2137 sententiae,

129 2174 370 2239 magna
416 2177 500 2219 ex
544 2165 730 2242 parte
762 2156 1034 2222 Publilii
1068 2157 1241 2246 Syri,
1289 2157 1407 2222 sed
1449 2160 1546 2224 ita
1574 2159 2000 2247 interpolatae
2028 2167 2226 2244 atque
2255 2156 2426 2243 glos-

133 2255 233 2318 sis
275 2267 345 2321 et
398 2259 995 2345 interpretamentis
1053 2260 1385 2344 foedatae,
1443 2254 1517 2326 ut
1570 2260 1874 2325 monachi
1928 2281 2192 2323 manum
2235 2259 2303 2322 in
2346 2260 2428 2322 iis

133 2354 325 2422 facile
369 2381 708 2444 agnoscas.
797 2359 1093 2426 Titulum
1137 2363 1500 2449 praefixum
1546 2384 1689 2428 esse
1732 2362 1985 2426 nullum
2026 2361 2175 2427 ideo
2215 2363 2429 2426 minus

133 2460 504 2526 mirandum
566 2471 696 2548 est,
755 2464 909 2551 quia
964 2462 1204 2528 desunt
1260 2465 1623 2530 sententiae
1676 2465 2065 2552 incipientes
2109 2486 2151 2528 a
2192 2461 2429 2529 litteris

134 2560 194 2623 A
224 2573 289 2627 et
317 2564 404 2627 B.
495 2564 628 2630 Eas
675 2567 1035 2631 sententias
1071 2566 1252 2652 (nam
1281 2590 1511 2632 versus
1543 2569 1665 2632 vix
1696 2569 1904 2650 dicas)
1939 2569 2185 2654 primus
2219 2565 2431 2631 edidit

136 2661 196 2726 J.
253 2665 452 2752 Casp.
512 2665 798 2734 Orellius
855 2669 940 2731 ad
1009 2666 1253 2733 calcem
1304 2668 1592 2733 Phaedri
1659 2669 2029 2734 fabularum
2086 2691 2423 2766 novarum,

135 2786 238 2850 pg.
269 2767 547 2850 48—54,
593 2768 947 2834 admodum
989 2781 1314 2849 accurate,
1359 2772 1886 2857 interpunctione
1918 2773 2114 2835 etiam
2145 2781 2425 2853 servata,

138 2888 278 2953 qua,
326 2892 482 2934 cum·
516 2869 631 2936 illo
677 2856 934 2936 saeculo
982 2858 1140 2937 satis
1186 2874 1273 2937 sit
1317 2872 1628 2955 insolens,
1676 2871 1816 2937 ludi
1846 2874 2159 2958 magister
2190 2870 2426 2958 aliquis

137 2968 602 3059 discipulorum
647 2971 1004 3039 commodis
1051 2975 1317 3040 videtur
1359 2976 1733 3040 inservisse.

299 3072 691 3157 5)'Codex
734 3076 1232 3142 Basiliensis
1280 3078 1428 3165 (B),
1477 3078 1772 3163 signatus
1819 3075 1975 3141 olim
2019 3075 2107 3140 K.
2154 3075 2284 3140 III.
2318 3076 2423 3157 34,

136 3194 304 3239 nunc
343 3178 430 3241 A.
475 3176 559 3241 N.
602 3177 722 3247 IV.
761 3179 862 3260 11,
910 3200 1080 3243 saec.
1128 3179 1216 3243 X.
1261 3180 1332 3243 in
1373 3202 1503 3267 quo
1549 3188 1697 3267 post
1742 3178 2125 3243 Sallustium
2168 3188 2425 3244 senten-

137 3276 262 3341 tiae
303 3276 716 3343 Publilianae
761 3276 1089 3363 ἀκέφαλοι
1131 3304 1337 3369 usque
1381 3282 1470 3346 ad
1513 3304 1577 3345 v.
1607 3281 1741 3365 296,
1778 3280 2105 3365 leguntur.
2180 3281 2247 3345 Is
2281 3302 2424 3373 ver-

139 3399 241 3443 sus
289 3402 435 3444 cum
477 3382 549 3445 in
591 3382 721 3445 fine
766 3384 1213 3469 quaternionis
1261 3386 1547 3470 scriptus
1576 3383 1685 3465 sit,
1733 3391 1890 3470 quot
1918 3384 2261 3448 sententiis
2290 3406 2422 3447 am-

140 3481 298 3565 plior
339 3482 540 3548 fuerit
584 3482 697 3547 ille
742 3483 931 3567 liber,
979 3486 1154 3550 unde
1200 3486 1567 3573 descriptus
1615 3494 1735 3568 est,
1784 3484 2133 3549 diiudicari
2176 3486 2423 3571 nequit.

139 3580 326 3647 Hunc
382 3607 639 3671 quoque
693 3584 986 3650 codicem
1040 3589 1219 3674 typis
1267 3588 1765 3675 exprimendum
1811 3587 2067 3652 curavit
2113 3585 2422 3668 Orellius,

139 3682 270 3751 loco
317 3710 516 3774 supra
557 3688 848 3752 indicato
879 3711 989 3775 pg.
1021 3690 1306 3773 37—483
1353 3698 1642 3763 ceterum
1672 3690 1741 3754 in
1772 3712 1846 3753 eo
1876 3690 2090 3753 minus
2121 3697 2423 3756 accurate

143 3786 345 3854 officio
390 3813 507 3855 suo
553 3789 817 3855 functus
864 3800 997 3874 est,
1044 3791 1218 3877 quod
1261 3814 1393 3857 non
1437 3794 1596 3856 satis
1642 3790 1972 3873 distinxit,
2020 3812 2185 3877 quae
2227 3812 2422 3853 manu

145 3891 414 3956 secunda
456 3891 687 3956 addita
729 3902 842 3956 aut
887 3902 1178 3957 correcta
1221 3902 1394 3958 sunt.

147 4063 416 4115 adnotatio
455 4065 646 4131 aliqua
679 4066 737 4116 in
774 4066 1026 4132 margine
1065 4066 1383 4132 quaerenda
1418 4041 1719 4126 indicatur,
1758 4065 1854 4117 aed
1889 4066 2013 4125 hoc,
2054 4066 2121 4115 de
2160 4082 2266 4130 quo
2307 4068 2421 4129 agi-

145 4161 274 4212 mus,
322 4150 380 4214 (i.
417 4167 464 4200 e.
502 4150 764 4216 quaere?)
816 4154 966 4201 certe
1001 4150 1151 4201 inter
1187 4151 1579 4216 antiquissima
1615 4151 1725 4201 fuit
1759 4155 1816 4200 et
1850 4150 1941 4201 vel
1976 4151 2177 4201 nostris
2214 4156 2420 4215 tempo-

145 4232 279 4285 ribus
315 4251 349 4286 a
384 4234 573 4286 multis
618 4240 933 4302 usurpatur.
1003 4236 1086 4286 Eo
1136 4237 1294 4301 signo
1340 4236 1487 4287 male
1532 4235 1850 4298 intellecto,
1896 4250 2015 4284 cum
2051 4234 2269 4283 librarii
2306 4231 2429 4297 φιτ,

144 4328 234 4380 que
263 4318 354 4370 vel
389 4320 598 4370 similia
637 4319 1018 4386 depingerent,
1056 4320 1266 4373 multae
1291 4320 1555 4387 ‘profecto
1592 4324 1745 4371 ortae
1784 4324 1911 4369 sunt
1950 4318 2309 4383 corruptelae.

231 4412 479 4453 Punnmrus
507 4412 668 4454 Snus.
684 4462 696 4472 ἱ
1770 4460 1774 4464 .
1966 4406 2006 4453 ’2
