2917 4950
840 887 1195 1009 Addenda
1248 938 1326 1009 et
1378 934 1841 1031 Corrigenda.

1233 1121 1450 1130 —--.-

334 1241 399 1290 In
436 1240 780 1306 corrigendis
816 1239 1059 1305 plagulis
1098 1254 1218 1289 cum
1260 1235 1408 1289 Gar.
1443 1235 1794 1303 Halmius„
1831 1241 1925 1305 qui
1959 1257 2070 1291 non
2107 1241 2214 1292 sibi
2237 1241 2335 1291 sed
2364 1243 2493 1293 aliis

201 1312 257 1358 et
291 1307 491 1360 litteris
527 1312 691 1360 natus
728 1323 850 1359 esse
886 1307 1126 1370 videtur,
1163 1307 1443 1358 indefesso
1482 1323 1568 1357 me
1596 1308 1781 1358 studio
1818 1307 2129 1373 adiuvaret,
2169 1309 2378 1360 factum
2406 1316 2490 1362 est

198 1380 262 1426 ut
299 1375 595 1427 nonnullae
636 1377 756 1428 eius
802 1375 1183 1434 coniecturae,
1237 1390 1373 1440 quas
1410 1391 1480 1426 ne
1516 1376 1809 1441 typotheta
1855 1377 2020 1427 nimis
2066 1382 2363 1428 vexaretur
2401 1379 2494 1429 ad—

198 1444 477 1494 notationi
516 1445 747 1496 criticae
785 1445 1029 1494 inserere
1066 1443 1354 1494 molestum
1392 1447 1532 1507 erat,
1569 1444 1949 1509 opportuniori
1973 1445 2095 1495 loco
2121 1447 2494 1498 reservandae

199 1515 404 1562 essent.
475 1511 591 1563 Eas
628 1513 799 1579 igitur
842 1511 946 1562 hoe
981 1510 1132 1576 loco,
1181 1526 1288 1576 quo
1334 1511 1656 1577 palinodiae
1701 1513 1862 1564 nobis
1910 1514 2203 1565 canendae
2251 1515 2493 1580 fuerunt,

195 1581 577 1646 proponendas
618 1580 1077 1632 existimavimus.

330 1648 413 1698 Ad
450 1665 578 1715 pag.
619 1651 698 1700 15.
772 1648 928 1710 Quod
968 1647 1082 1697 dixi
1120 1647 1418 1698 Publilium
1454 1649 1766 1699 sententias
1805 1652 1871 1700 36
1909 1653 1966 1700 et
1987 1651 2090 1700 458
2128 1651 2198 1701 ab
2225 1651 2492 1715 Euripide

197 1717 525 1782 sumpsisse,
576 1718 633 1769 id
670 1717 865 1782 scripsi
915 1717 1249 1766 auctoritate
1288 1714 1593 1780 scaligeri,
1646 1731 1804 1781 quem
1849 1717 1960 1772 vid.
1996 1718 2219 1784 epistul.
2272 1722 2372 1770 343
2411 1718 2493 1774 ed.

196 1786 462 1840 Francos.
500 1787 633 1836 anni
672 1787 820 1838 1627.
892 1784 1000 1834 Sed
1038 1800 1142 1849 quo
1178 1783 1302 1834 loeo
1327 1783 1585 1849 legantur
1612 1799 1804 1835 versus
1827 1787 2018 1850 graeci
2044 1786 2103 1835 in
2128 1785 2494 1838 adnotatione

198 1854 271 1904 ad
305 1854 364 1909 ll.
403 1869 485 1905 cc.
528 1870 563 1904 a
607 1854 765 1905 nobis
814 1852 1109 1918 adscripti,
1166 1852 1328 1902 immo
1376 1853 1560 1901 sintne
1609 1869 1666 1904 re
1716 1868 1850 1904 vera
1899 1854 2181 1919 Euripidis
2239 1871 2310 1905 an
2354 1854 2496 1906 alius

196 1928 413 1989 poetae,
449 1923 689 1973 nondum
723 1921 883 1973 nobis
921 1919 1262 1986 exploratum
1301 1924 1403 1970 est.

332 1991 470 2057 Pag.
508 1993 592 2055 54,
630 1991 773 2044 med.
812 1987 1093 2055 aliquod
1132 1986 1501 2054 lectiones]
1542 1989 1650 2054 leg.
1693 1990 1976 2053 aliquot.

386 2097 415 2122 „
504 2061 586 2109 64.
626 2060 692 2110 In
726 2057 978 2109 codicum
1017 2061 1334 2122 conspectu,
1372 2072 1535 2121 quem
1561 2058 1619 2106 in
1644 2057 1877 2122 singulis
1903 2059 2123 2124 paginis
2149 2058 2498 2110 adnotationi

742 2127 975 2176 criticae
1014 2125 1447 2190 praeposuimus,
1487 2124 1696 2175 lunulis
1735 2125 1797 2188 ()
1838 2124 2062 2176 codices
2088 2122 2284 2176 TEGn
2319 2127 2496 2177 inclu-

679 2203 683 2212 '
742 2195 927 2256 simus,
965 2193 1141 2244 veluti
1180 2208 1304 2258 pag.
1343 2194 1409 2246 65
1447 2197 1520 2245 ‘v.
1553 2195 1746 2244 1—34:
1784 2189 2071 2244 PRBFV
2091 2189 2283 2257 (EG)’,
2324 2196 2498 2260 signi-

741 2263 975 2312 ficantes
997 2276 1191 2380 νῗόε
1220 2263 1385 2312 1-34
1412 2276 1600 2311 omnes
1627 2264 1820 2312 extare
1846 2263 1905 2311 in
1928 2257 2228 2324 PRBFV,
2256 2263 2498 2314 selectos

746 2348 814 2382 ex
851 2345 921 2380 ns
958 2345 1015 2379 m
1158 2372 1171 2384 ,

391 2439 421 2463 ,,
511 2403 595 2460 66,
634 2400 704 2450 ad
742 2416 795 2450 v.
835 2401 900 2450 10
935 2399 1164 2449 facias
1203 2399 1316 2447 iam
1350 2398 1702 2448 Ribbekkius
1741 2397 2072 2451 emendavit.

390 2508 419 2533 ‚‚
507 2471 593 2532 73,
628 2469 686 2519 in
725 2466 914 2519 adnot.
953 2465 1022 2517 ad
1058 2482 1110 2517 v.
1152 2467 1249 2517 106
1284 2462 1512 2533 weest]
1551 2465 1661 2532 leg.
1699 2464 1906 2517 deest.

389 2577 418 2601 ,‚
507 2540 588 2599 75,
627 2553 677 2592 v.
719 2539 817 2587 143
852 2532 1080 2601 multo]
1123 2535 1363 2585 fortasse
1406 2531 1661 2600 [saepe]
1700 2530 1980 2585 Halmiua

388 2644 417 2669 ‚‚
505 2608 589 2667 77,
627 2622 677 2658 v.
719 2607 816 2655 179
852 2603 1120 2653 fortasse:
1158 2601 1345 2653 ultra
1382 2602 1670 2669 perdere
1708 2603 1804 2652 nil
1842 2608 2076 2667 potest
2111 2600 2395 2656 Halmius.

409 2713 421 2737 ‚
509 2678 593 2727 78.
634 2675 715 2737 79,
754 2673 810 2722 in
848 2672 1033 2724 adnot.
1061 2670 1130 2721 ad
1168 2688 1217 2723 v.
1246 2673 1343 2723 193
1370 2676 1428 2721 et
1450 2674 1552 2722 200
1575 2669 1814 2721 delenda
1837 2674 1966 2721 sunt
1989 2674 2188 2723 verba:
2227 2674 2498 2725 inserta

746 2745 851 2792 est
887 2739 1050 2789 libri
1086 2737 1396 2790 Gelliani
1435 2744 1492 2789 et
1527 2740 1804 2805 gravius
1840 2734 1952 2790 PR

389 2849 419 2874 „
507 2813 593 2876 80,
630 2812 689 2859 in
726 2808 913 2859 adnot.
955 2807 1027 2857 ad
1060 2823 1117 2857 v.
1154 2807 1255 2858 214
1290 2807 1398 2874 leg.
1438 2806 1804 2869 occultum,
1842 2822 1952 2857 non
1991 2808 2356 2861 oecultum.

390 2916 419 2942 „
510 2882 593 2943 90,
632 2893 685 2928 v.
722 2876 822 2929 386
861 2872 1096 2943 avaro]
1135 2876 1265 2926 fort.
1303 2879 1561 2941 praestat
1598 2890 1885 2928 avarum.

390 2984 419 3009 „
507 2948 594 3013 95,
634 2963 685 2995 v.
721 2945 825 2995 444
860 2944 972 2994 ubi
1011 2941 1176 3008 eius]
1222 2943 1411 2993 cuius
1446 2939 1728 2993 Halmius.

392 3053 421 3076 „
480 3018 596 3077 100,
632 3030 683 3064 v.
720 3014 823 3063 498
859 3012 984 3062 Pro
1023 3011 1197 3062 bt'ina
1236 3009 1437 3077 fama]
1483 3011 1571 3063 Cf.
1608 3009 1824 3075 Proleg.
1864 3026 1952 3075 pg.
1989 3014 2071 3065 44,

391 3120 419 3145 ‚‚
480 3086 572 3134 101
612 3086 669 3133 et
708 3081 805 3131 106
841 3094 929 3132 vv.
967 3082 1068 3131 503
1106 3084 1163 3129 et
1198 3081 1297 3131 583
1344 3082 1536 3144 utpote
1585 3078 1756 3144 spurii
1805 3093 1915 3128 non
1963 3081 2182 3131 uncinis
2234 3076 2255 3147 [
2293 3076 2348 3148 ],
2399 3082 2497 3133 sed

749 3147 957 3198 lunulis
994 3146 1014 3209 (
1053 3146 1074 3208 )
1111 3147 1433 3197 includendi
1472 3153 1645 3200 erant.

390 3256 420 3281 „
475 3220 593 3281 106,
630 3218 791 3269 Prov.
830 3217 895 3267 94
933 3220 997 3266 et
1034 3215 1096 3264 in
1136 3212 1340 3281 mille]
1382 3216 1560 3265 Recte
1596 3215 1994 3279 Frisingensis:
2045 3216 2175 3266 Sed
2213 3218 2281 3266 in
2318 3234 2388 3267 m.

391 3324 421 3349 ,‚
480 3287 594 3350 112,
631 3301 681 3339 v,
718 3286 819 3336 634
855 3283 970 3333 ubi
1008 3282 1101 3332 nil
1140 3284 1417 3334 timetur
1453 3285 1563 3332 iam
1587 3284 1639 3333 J.
1667 3283 1832 3347 Oasp.
1861 3283 2104 3334 Orellius
2131 3285 2300 3336 scribi
2325 3286 2500 3337 voluit

745 3354 804 3402 in
839 3350 1085 3401 Phaedri
1121 3351 1271 3407 fabb.
1311 3352 1470 3401 novis
1509 3367 1597 3416 pg.
1635 3351 1716 3403 55.

392 3459 421 3483 ,,
480 3424 592 3484 114,
633 3437 682 3475 v.
709 3422 809 3471 654
834 3418 1196 3483 relinquenda
1223 3423 1346 3469 erat
1370 3418 1580 3469 codicis
1605 3418 1930 3469 'l‘uricensis
1957 3420 2235 3485 scriptura
2270 3428 2500 3479 semet.

392 3527 420 3552 ,‚
478 3492 592 3553 114,
630 3506 681 3544 v.
717 3489 817 3539 658
856 3487 1136 3537 amicum
1174 3487 1394 3551 gratis
1433 3488 1577 3538 coni.
1617 3481 1898 3538 Halmius.

390 3595 421 3619 ‚,
478 3558 593 3619 115,
630 3574 681 3607 v.
718 3551 1021 3673 6701plus]
1066 3554 1221 3603 nolui
1248 3569 1516 3619 reponere
1553 3554 1813 3619 plures,
1854 3570 1922 3606 ne
1949 3556 2218 3608 iambicos
2244 3574 2500 3609 numeros

747 3630 835 3673 tur
878 3638 1044 3673 arem.

391 3729 420 3755 „
481 3694 595 3756 150,
635 3696 685 3758 3,
723 3694 771 3753 6,
808 3686 1161 3757 Malorum]
1198 3690 1306 3755 leg.
1343 3690 1700 3743 Maiorum.

335 3760 589 3826 Denique
625 3760 730 3811 hoc
765 3759 984 3809 nomine
1021 3758 1156 3809 mihi
1192 3758 1431 3824 petenda
1468 3760 1634 3809 venia
1669 3764 1771 3817 est,
1811 3760 1951 3825 quod
1976 3763 2036 3809 in
2063 3759 2364 3811 afferendis
2387 3761 2503 3812 Me-

197 3828 399 3877 nandri
434 3828 732 3879 sententiis
770 3833 825 3878 et
860 3827 1079 3877 Erasmi
1112 3824 1345 3893 Adagiis
1382 3827 1644 3877 maiorem
1681 3832 1928 3893 poteram
1966 3827 2226 3878 adhibere
2268 3829 2502 3894 diligen-

196 3898 353 3948 tiam.
415 3896 551 3947 Cum
588 3896 733 3947 enim
772 3895 886 3945 alia
912 3895 1229 3960 Gottingae,
1268 3896 1539 3959 Basiliae,
1572 3893 1843 3954 Vitoduri,
1880 3896 2069 3945 Turici
2105 3896 2326 3947 schedis
2363 3900 2501 3947 meis

194 3963 535 4028 intulissem,
584 3962 701 4014 alia
742 3979 808 4013 ex
844 3962 1012 4014 Zellii
1048 3962 1358 4014 Ribbekkii
1405 3964 1748 4028 aliorumque
1799 3964 2210 4015 commentariis
2248 3964 2501 4029 deprom-

196 4031 451 4097 psissem,
490 4048 614 4083 sero
652 4031 1021 4082 animadverti
1056 4046 1165 4083 non
1203 4048 1393 4082 omnes
1427 4031 1624 4081 iisdem
1663 4030 1999 4082 editionibus
2034 4046 2162 4082 usos
2194 4048 2326 4095 ,esse
2351 4032 2502 4084 ideo-

197 4115 307 4165 que
346 4101 619 4166 capitum,
668 4100 1165 4166 paragraphorum,
1203 4114 1461 4151 versuum
1497 4114 1779 4163 numerOS,
1829 4099 2072 4151 fortasse
2107 4116 2214 4152 uno
2253 4100 2500 4152 alterove

195 4168 487 4286 locofigpsa
522 4168 695 4220 verba
732 4167 1069 4233 discrepare.
1135 4168 1293 4231 Quod
1326 4168 1522 4232 aequis
1557 4165 1834 4218 iudicibus
1862 4172 2183 4219 excusatum
2212 4183 2332 4219 esse
2361 4171 2501 4220 satis

198 4250 309 4287 con
387 4253 439 4289 0.

1154 4374 1491 4381 .-—-—-.-———
