2917 4950
474 304 561 372 44
1111 331 1122 344 ’
1349 318 1894 369 PROLEGOMENA.

475 488 742 564 agatur:
791 476 1091 558 destituti
1136 476 1308 539 enim
1345 495 1467 562 ope
1497 474 1741 539 codicis
1774 471 2298 537 Vindobonensis
2330 480 2599 558 praeter
2632 473 2772 535 Fri-

477 583 851 666 singensem
907 576 1044 642 solo
1098 577 1370 640 nitimur
1424 576 1890 641 sententiarum
1948 573 2204 640 delectu
2262 575 2653 657 Turicensi,
2711 576 2775 638 in

478 705 604 771 quo
659 682 746 745 ad
790 681 1029 765 viginti
1085 680 1370 766 quinque
1414 677 1607 742 huius
1653 676 1857 764 partis
1905 674 2247 759 versiculi,
2307 677 2486 762 iique
2534 675 2773 764 depra-

477 785 822 866 vatissimi,
869 791 1147 846 aetatem
1189 779 1503 863 tulerunt,
1552 788 1616 844 et
1662 777 1884 843 codice
1928 779 2227 844 Parisino
2274 779 2461 860 8027,
2509 779 2604 842 de
2653 802 2775 865 quo
2889 767 2890 776 ¹

349 920 358 934 ι
478 886 561 950 cf.
587 897 718 973 'pg.
770 885 868 950 19.
957 883 1096 947 Vix
1139 903 1374 970 operae
1416 882 1699 969 pretium
1745 889 1842 944 est
1887 902 2415 963 commemorare,
2460 880 2775 945 versibus

476 989 602 1053 389
633 996 695 1051 et
724 987 850 1052 542
893 985 1204 1050 accedere
1247 984 1702 1049 auctoritatem
1749 983 1991 1048 codicis
2023 983 2307 1047 Parisini
2338 983 2527 1047 8049.
2614 983 2776 1046 Eae

479 1089 968 1171 sententiae,
1041 1089 1231 1175 quin
1290 1087 1459 1150 sint
1517 1084 1897 1167 Publilii,
1966 1108 2119 1150 non
2176 1093 2295 1148 est
2353 1085 2567 1171 quod
2636 1083 2773 1147 du-

481 1192 846 1257 bitemus.

648 1293 1060 1378 Quamquam
1105 1291 1212 1355 hic
1253 1291 1557 1390 quoque
1555 1288 1775 1370 valet,
1811 1291 1987 1377 quod
2030 1291 2162 1354 iam
2206 1311 2401 1377 supra
2442 1289 2771 1354 vidimus:

479 1418 700 1482 posse
713 1402 1046 1481 suspectas
1091 1393 1254 1474 fieri,
1303 1413 1469 1479 quae
1513 1391 1636 1456 sub
1667 1391 1862 1454 finem
1893 1391 2257 1456 litterarum
2288 1389 2772 1476 N—Vlegun-

478 1508 606 1580 tur,
651 1505 877 1613 utpote
907 1518 946 1558 a
976 1494 1245 1560 librario
1291 1493 1597 1559 collectas
1644 1515 1727 1557 ex
1756 1492 1884 1559 alio
1914 1493 2207 1581 pleniore
2237 1495 2484 1558 codice.
2565 1493 2681 1558 Sic
2712 1515 2769 1554 v.

477 1600 625 1682 500,
659 1601 770 1686 qui
801 1608 899 1662 est
929 1596 1195 1661 ultimus
1228 1596 1484 1660 litterae
1518 1595 1593 1678 P,
1627 1595 1802 1682 apud
1822 1595 2179 1662 Caecilium
2203 1595 2483 1660 Balbum
2516 1617 2773 1683 quoque

478 1697 739 1786 legitur,
773 1689 1040 1764 Monac.
1071 1698 1176 1781 48,
1213 1700 1271 1782 7,
1317 1721 1427 1784 pg.
1461 1699 1575 1783 343
1623 1701 1693 1763 in
1737 1721 1934 1763 versu
1962 1699 2089 1764 499
2118 1697 2405 1764 insolens
2451 1707 2551 1763 est
2598 1697 2768 1762 locu-

479 1805 570 1868 tio
605 1803 895 1886 pericula
935 1803 1210 1884 accipere
1223 1800 1310 1886 *),
1358 1799 1537 1866 dicta
1578 1800 1666 1865 ad
1708 1800 2076 1886 analogiam
2124 1802 2263 1865 eius
2295 1801 2470 1889 quod
2506 1810 2611 1864 est
2642 1800 2770 1864 vul-

479 1927 636 1969 nera
681 1907 989 1986 acciperoe
1033 1904 1102 1965 in
1146 1924 1343 1965 versu
1373 1903 1497 1967 498
1535 1903 1667 1966 Pro
1714 1903 1875 1968 bima
1915 1905 2098 1984 sama
2142 1905 2428 1968 maxima
2473 1909 2564 1967 est
2607 1903 2768 1966 here-

481 2010 648 2072 ditas
691 2029 820 2070 non
863 2004 1076 2093 placet
1123 2004 1490 2068 emendatio
1536 2006 1832 2091 quamvis
1878 2003 2093 2069 facilis
2129 2005 2334 2070 Probo
2381 2007 2547 2070 bona
2590 2005 2771 2085 fama

481 2130 560 2173 m.
608 2114 696 2173 est
736 2109 795 2172 h.
845 2109 1060 2190 (nemo
1107 2107 1278 2170 enim
1322 2105 1655 2192 improbus
1702 2105 1873 2171 bona
1918 2107 2091 2170 fama
2135 2107 2427 2192 fruitur),
2479 2106 2600 2171 sed
2646 2114 2766 2168 sta-

481 2209 794 2274 tuendum
838 2193 1054 2296 potius
1100 2228 1246 2271 eum
1291 2231 1551 2272 versum
1595 2210 2072 2295 interpretandi
2103 2208 2209 2272 vel
2239 2208 2545 2273 variandi
2576 2228 2769 2271 causa

479 2312 562 2375 ad
609 2335 674 2374 v.
721 2313 843 2375 217
889 2309 1294 2396 adscriptum
1337 2309 1563 2375 fuisse.
1654 2310 1757 2375 Cf.
1802 2311 1887 2374 ad
1934 2335 1997 2374 v.
2043 2312 2169 2375 423
2216 2321 2278 2375 et
2320 2311 2468 2375 583.

649 2414 720 2500 6)
767 2413 1248 2500 Disputationis
1292 2413 1495 2497 igitur
1540 2423 1795 2479 nostrae
1840 2436 2089 2479 summa
2136 2423 2253 2496 est,
2300 2422 2371 2478 ut
2417 2435 2584 2500 quae
2626 2419 2769 2500 post

481 2541 547 2581 v.
592 2517 717 2581 386
761 2514 1092 2580 inclinatis
1138 2514 1374 2580 litteris
1421 2517 1702 2602 exprimi
1746 2518 2087 2597 iussimuS,
2142 2539 2182 2579 a
2225 2513 2511 2580 Publilio
2556 2514 2765 2578 aliena

480 2619 874 2702 iudicemus,
933 2617 1186 2704 reliqua
1241 2620 1458 2683 omnia
1514 2618 1665 2682 dato
1724 2621 1805 2681 in·
1850 2618 2125 2703 singulis
2178 2619 2584 2705 exceptionis
2632 2618 2765 2680 iure

479 2722 564 2785 ad.
623 2723 1088 2786 sententiarum
1147 2719 1593 2785 collectionem
1648 2742 1687 2783 a
1734 2719 1948 2784 Gellio
2006 2719 2335 2784 laudatam
2389 2720 2762 2785 referamus

482 2824 622 2888 Iam
653 2826 1006 2911 quaeritur,
1037 2824 1257 2886 utruni
1288 2824 1742 2888 sententias
1790 2844 1883 2885 ex
1929 2822 2289 2887 omnibus
2337 2846 2530 2909 quos
2577 2843 2759 2886 enu-

481 2929 960 2990 meravimus
1020 2923 1441 2989 codicibus
1500 2927 1580 2989 in
1630 2948 1857 2989 unum
1904 2925 2378 2988 coniunctas
2423 2943 2763 3012 aequare

483 3050 773 3114 corpus
821 3026 1410 3089 sententiarum
1457 3026 2013 3091 Gellianarum
2056 3048 2459 3111 censeamus,
2508 3050 2595 3091 an
2641 3034 2758 3089 sta-

482 3139 740 3193 tuamus
813 3127 1055 3190 nobis
1131 3128 1539 3213 epitomen
1617 3139 1920 3193 tantum
1998 3151 2091 3192 ex
2165 3127 2337 3192 illis
2409 3128 2760 3194 relictam

485 3230 706 3295 esse?
751 3230 980 3293 Liceat
1023 3250 1158 3292 rem
1203 3229 1289 3292 ad
1333 3228 1613 3294 calculos
1658 3252 1913 3297 vocare.

653 3332 836 3413 Quos
891 3329 1116 3395 retulit
1173 3340 1304 3395 tres
1350 3331 1623 3396 Publilii
1667 3356 1895 3397 versus
1944 3332 2190 3397 Seneca
2234 3324 2487 3415 rhetor,
2547 3351 2758 3397 omnes

483 3438 552 3499 in
597 3433 932 3499 codicibus
976 3434 1216 3498 nostris
1262 3441 1523 3515 extant,
1572 3457 1635 3497 v.
1684 3435 1829 3517 236,
1875 3435 2021 3515 438,
2070 3435 2215 3518 628,
2262 3437 2418 3499 item
2464 3443 2759 3521 quattuor

484 3560 644 3624 quos
692 3536 939 3601 Seneca
982 3534 1403 3622 philosophus
1449 3558 1514 3599 v.
1567 3538 1624 3618 1,
1671 3536 1733 3618 2,
1791 3536 1931 3619 119,
1973 3536 2119 3619 250,
2168 3546 2232 3601 et
2277 3558 2467 3623 quem
2513 3534 2755 3600 Salvia-

483 3664 635 3722 nUS,
683 3662 747 3702 v.
794 3638 877 3703 28
894 3622 920 3721 3⁴
969 3638 1488 3725 quattuordecim
1534 3638 1813 3723 denique
1859 3637 2299 3704 Gellianorum
2347 3640 2758 3702 inveniuntur

482 3742 817 3806 tredecim.
909 3740 1156 3804 Eorum
1199 3762 1422 3821 unum,
1456 3740 1748 3823 Improbe
1778 3739 2145 3821 Neptunum
2190 3746 2456 3819 accusat,
2504 3743 2616 3821 qui
2657 3740 2755 3802 ite-

483 3865 629 3908 rum
681 3845 1102 3925 nauf'rayium
1149 3841 1338 3922 facit,
1400 3843 1469 3905 in
1515 3841 1650 3907 solo
1700 3843 1761 3906 Τ
1797 3853 2129 3905 servatum
2175 3865 2315 3906 esse
2358 3866 2546 3906 nemo
2593 3848 2755 3906 certe

485 3942 862 4026 mirabitur,
910 3968 1054 4008 cum
1099 3943 1472 4008 hominibus
1516 3943 1893 4008 christianis
1931 3952 2044 4007 aut
2088 3943 2340 4008 inutilis
2384 3953 2497 4007 aut
2540 3944 2753 4009 obscu-

484 4035 618 4108 rior
660 4043 872 4107 videri
917 4048 1219 4129 potuerit.
1307 4046 1539 4131 Itaque
1581 4067 1745 4109 unus
1791 4053 2035 4108 tantum
2081 4066 2335 4127 versus,
2384 4067 2575 4131 quem
2604 4042 2749 4125 legi-

486 4168 628 4210 mus
672 4144 846 4231 apud
892 4143 1194 4227 Gellium,
1241 4147 1311 4208 in
1353 4147 1593 4210 nostris
1641 4144 1972 4209 codicibus
2020 4144 2458 4227 desideratur,
2506 4169 2569 4209 v.
2622 4142 2747 4209 106.

484 4246 566 4310 Id
620 4270 749 4311 non
803 4248 1043 4349 minus
1071 4255 1452 4331 argumento
1498 4256 1597 4310 est
1656 4245 1941 4312 librariis
1998 4246 2209 4311 locum'
2254 4246 2487 4330 Gellii,
2539 4248 2637 4329 17,
2683 4239 2751 4305 14

622 4367 677 4436 *)
718 4368 801 4425 cf.
840 4344 1026 4420 tamen
1063 4366 1173 4419 Cic.
1215 4384 1267 4435 p.
1306 4366 1480 4433 Sulla,
1520 4370 1564 4429 1,
1606 4372 1658 4421 1:
1697 4367 2066 4422 calamitatem
2100 4366 2359 4436 accipere.
