2917 4950
999 325 1547 374 PRoLEGoMENA.
2336 307 2414 372 13

292 479 397 544 De
440 478 672 544 horum
715 501 1023 545 versuum
1067 489 1332 545 auctore
1375 501 1523 542 cum
1568 480 1858 544 virorum
1902 477 2242 542 doctorum
2272 500 2413 542 sen-

128 583 365 647 tentiae
429 584 500 646 in
554 582 816 647 diversa
878 583 1118 647 abeant
1182 579 1297 664 (cf.
1353 581 1777 668 Bernhardy,
1845 580 1997 645 hist.
2069 579 2196 644 litt.
2253 601 2413 644 rom.

127 707 230 770 pg.
271 685 422 768 460,
467 683 688 748 adnot.
737 685 884 766 357,
931 683 1088 747 edit.
1135 685 1454 769 quartae),
1500 706 1631 748 non
1675 704 2228 769 supervacaneum
2273 703 2417 746 esse

127 786 387 850 videtur
438 807 736 867 monere,
800 806 965 871 quae
1009 783 1450 849 Buechelerus
1507 807 1623 871 per
1668 783 1918 849 litteras
1962 783 2124 848 mihi
2168 782 2413 868 signifi-

124 890 328 972 cavit,
375 889 649 974 pavonis
695 887 1167 971 saginationem
1215 886 1328 970 (cf.
1375 886 1547 951 Plin.
1592 896 1725 951 nat.
1772 885 1925 951 hist.
1976 886 2086 967 10,
2135 889 2175 966 ξ
2218 885 2303 950 45
2348 894 2413 949 et

127 991 309 1053 Varr.
343 990 427 1054 de
456 1011 529 1054 re
558 999 716 1052 rust.
741 990 803 1070 3,
830 989 921 1071 6),
955 989 1243 1052 ciconiae
1273 991 1762 1076 apparationem
1794 991 1862 1052 in
1891 988 2174 1072 gratiam
2202 985 2407 1050 homi-

18 1177 20 1180 ,
121 1115 272 1171 num
332 1091 762 1168 delicatorum
822 1089 1013 1174 (Hor.
1072 1089 1208 1155 Sat.
1255 1091 1326 1172 2,
1373 1091 1447 1174 2,
1493 1091 1577 1156 50
1632 1112 1778 1157 cum
1836 1088 2163 1173 scholiis),
2224 1111 2413 1152 usum

125 1193 404 1257 Coarum
449 1194 733 1258 vestium
781 1193 852 1276 (i.
886 1213 940 1256 e.
975 1194 1159 1257 venti
1203 1193 1489 1278 textilis)
1534 1215 1662 1258 non
1704 1191 1877 1257 ultra
1908 1191 2206 1256 Caesaris
2252 1201 2412 1254 tem-

122 1317 276 1381 pora
320 1295 692 1392 ascendere,
739 1292 1132 1379 elegantiam
1161 1317 1320 1359 vero
1349 1297 1641 1382 ipsorum
1672 1315 1982 1358 versuum
2013 1303 2077 1356 et
2111 1295 2410 1379 frequen-

123 1407 245 1460 tem
305 1395 792 1462 allitterationis
850 1419 1043 1462 usum
1099 1399 1218 1461 vix
1269 1397 1651 1480 admittere,
1711 1405 1785 1460 ut
1829 1395 2174 1483 posteriori
2214 1397 2415 1459 aetati
2480 1421 2487 1428 ·

122 1500 510 1564 tribuantur.
602 1497 792 1578 Quae
837 1499 1056 1562 omnia
1100 1499 1344 1585 optime
1388 1500 1562 1562 inter
1605 1520 1675 1562 se
1722 1507 2111 1582 congruent,
2163 1497 2221 1560 si
2264 1495 2409 1560 illos

123 1623 348 1666 versus
397 1601 699 1676 Caesaris
758 1601 1050 1717 aequali,
1109 1599 1394 1664 Publilio
1443 1601 1609 1687 Syro
1653 1599 2132 1682 vindicaveris3
2188 1620 2310 1661 nec
2354 1598 2410 1661 si

123 1712 386 1784 statuas,
432 1703 504 1767 id
551 1703 726 1789 quod
769 1704 960 1766 unice
1003 1723 1234 1765 verum
1281 1713 1400 1785 est,
1447 1703 1829 1767 Petronium
1872 1701 2152 1766 Neronis
2198 1709 2412 1766 aetate
2477 1690 2481 1694 ¹

121 1806 398 1888 vixisse,
443 1807 681 1878 mirum
724 1804 1093 1888 videbitur,
1141 1805 1314 1929 quod
1357 1753 1619 1869 illorum
1664 1825 1971 1867 versuum
2016 1803 2411 1866 mentionem

121 1908 362 1971 iniecit.

287 2007 486 2088 Quod
546 2007 1119 2088 Quintilianus
1177 2005 1347 2071 libro
1395 2007 1485 2071 X.
1532 2008 1615 2071 de
1668 2009 1877 2095 poetis
1934 2008 2156 2073 latinis
2203 2007 2407 2071 disse-

121 2133 268 2174 rens
324 2110 684 2174 Publilium
738 2133 870 2174 non
923 2111 1340 2197 memoravit,
1409 2108 1668 2174 facilem
1736 2109 2137 2196 explicatum
2189 2097 2406 2174 habet.

119 2213 284 2276 Nam
328 2212 782 2299 praeterquam
827 2212 1002 2298 quod
1048 2213 1380 2295 orator1*)
1408 2193 1595 2299 copia
1636 2212 1986 2279 verborum
2014 2234 2145 2276 non
2176 2234 2261 2276 ex
2288 2214 2407 2275 mi-

122 2316 248 2378 mis
292 2315 576 2402 petenda
621 2324 741 2396 est,
787 2312 920 2379 illis
967 2313 1370 2414 temporibus
1415 2315 1762 2378 admiratio
1807 2313 2078 2379 Publilii
2123 2316 2255 2377 iam
2300 2313 2407 2376 de—

120 2416 471 2498 fervuerat,
521 2437 720 2503 quare
763 2413 947 2479 illum
994 2438 1280 2500 versum,
1329 2437 1522 2503 quem
1568 2417 1778 2481 instit.
1827 2439 1918 2481 or.
1966 2417 2028 2499 8,
2072 2416 2132 2498 5,
2179 2417 2219 2481 6
2252 2425 2315 2480 et
2346 2416 2407 2499 9,

117 2518 174 2599 3,
222 2518 305 2581 64
347 2518 619 2604 protulit
703 2536 708 2541 ·

379 2660 530 2719 Tam
575 2661 724 2719 deest
767 2679 948 2719 avaro
993 2661 1145 2733 quod
1185 2661 1372 2728 habet,
1417 2678 1596 2734 quam
1639 2636 1792 2734 qnod
1833 2679 1958 2719 non·
1999 2660 2184 2727 habet,

121 2828 158 2867 a
201 2807 610 2887 Quintiliano
657 2829 788 2872 non
835 2829 918 2871 ex
964 2808 1108 2894 ipsa
1152 2805 1434 2871 Publilii·
1468 2805 1778 2890 lectione,
1826 2807 1942 2871 sed
1994 2828 2079 2871 ex
2124 2806 2408 2871 Senecae

121 2909 576 2975 controversiis
624 2911 762 2996 (pg.
807 2909 955 2991 206,
1007 2909 1087 2972 14
1129 2908 1372 2995 Burs.),
1420 2931 1579 2995 quas
1626 2910 1767 2996 ipse
1811 2908 2034 2973 laudat
2079 2906 2193 2972 lib.
2241 2908 2301 2990 9,
2342 2908 2404 2990 2,

117 3010 216 3093 42,
262 3011 578 3101 haustum*
612 3032 754 3077 esse
799 3010 1212 3075 crediderim.
2114 3088 2120 3097 Ι

279 3112 477 3178 Haud
532 3112 808 3178 multum
863 3114 1067 3198 igitur
1122 3113 1368 3197 abfuit,
1428 3098 1587 3200 quin
1630 3109 1903 3178 Publilii
1958 3134 2197 3179 nomen
2241 3110 2401 3177 obli-

18 3252 20 3261 ·
120 3216 304 3279 vione
349 3215 753 3299 obrueretur,
800 3216 928 3279 nisi
973 3225 1226 3279 amator
1255 3216 1521 3302 quidam
1561 3215 1740 3281 illius
1773 3217 2243 3280 sententiarum
2271 3236 2402 3277 me-

119 3320 381 3381 moriam
430 3340 653 3382 earum
697 3318 1089 3382 reduxisset.
1178 3318 1426 3383 Extitit
1471 3320 1666 3401 enim,
1712 3320 1842 3381 iam
1885 3318 2118 3405 primo,
2164 3325 2238 3379 ut
2268 3317 2402 3403 opi-

119 3440 247 3502 nor,
295 3419 553 3485 saeculo
597 3429 748 3507 post
778 3419 931 3485 Chr.
964 3443 1030 3483 n.
1077 3442 1223 3484 cum
1262 3419 1539 3485 Publilii
1584 3421 1768 3485 mimi
1810 3420 2024 3484 adhuc
2069 3417 2402 3504 vigebant,

121 3520 342 3585 saltem
399 3520 606 3587 Gellii
671 3530 885 3585 aetate
951 3522 1161 3608 prior,
1232 3524 1342 3608 qui
1403 3545 1512 3587 eas
1570 3544 1685 3587 suo
1745 3520 2014 3588 consilio
2070 3520 2406 3605 colligeret

125 3622 547 3711 collectasque
605 3624 857 3706 ederet,
915 3646 1047 3689 non
1101 3623 1185 3687 ad
1241 3623 1436 3689 fidem
1494 3624 1963 3711 exemplarium
2006 3646 2202 3687 manu
2246 3624 2402 3686 scri·

122 3732 364 3808 ptorum
384 3776 401 3808 ,
448 3728 563 3791 sed
609 3726 877 3804 auribus
925 3728 1140 3813 potius
1184 3725 1268 3791 ab
1314 3726 1744 3791 histrionibus
1790 3735 2130 3811 exceptas,
2178 3722 2399 3811 quales

123 3846 222 3889 ore
275 3828 462 3913 vulgi
519 3828 794 3893 traditas
849 3837 964 3892 aut
1020 3831 1090 3893 in
1144 3828 1398 3893 theatro
1457 3827 1815 3893 celebratas
1861 3825 2394 3913 deprehenderat.

125 3925 217 3989 Cf.
275 3928 598 3994 Gellius
663 3931 773 4013 17,
826 3931 936 4013 14,
983 3932 1055 3996 3:
1114 3931 1335 3997 Huius
1393 3930 1664 3997 Publilii
1714 3932 2051 3995 sententiae
2102 3930 2399 4011 feruntur

249 4118 295 4183 ¹⁸⁸)
333 4120 414 4174 Cf.
455 4120 516 4170 C.
543 4120 718 4170 Iulius
740 4121 934 4172 Victor
968 4121 1027 4171 in
1065 4127 1185 4171 arte
1223 4122 1423 4171 rhetor.
1464 4136 1549 4186 cp.
1575 4122 1659 4181 26,
1696 4137 1786 4186 pg.
1812 4123 1929 4181 447,
1956 4123 2022 4173 33
2049 4119 2133 4173 ed.
2158 4120 2396 4187 Halmii,

127 4195 382 4265 Sermonis
426 4218 560 4256 usus
600 4202 776 4255 multo
821 4202 1165 4270 frequentior
1217 4219 1383 4272 qaam
1417 4203 1691 4257 orationis
1725 4208 1802 4257 est
1840 4244 1851 4256 .
1890 4244 1901 4255 .
1940 4243 1953 4255 .
1993 4244 2004 4255 .
2038 4201 2284 4256 Multam
2320 4203 2397 4255 ad

129 4288 368 4339 sermonis
401 4288 731 4355 eleyantiam
769 4288 1048 4353 conferent
1081 4288 1386 4342 comoediae
1409 4293 1611 4343 veteres
1636 4294 1685 4343 et
1718 4293 1935 4356 toqatae
1960 4291 2011 4341 et
2044 4286 2395 4340 tabernariae

131 4370 177 4417 et
205 4370 486 4426 Atellanae
520 4373 746 4438 fabulae
782 4377 833 4426 et
866 4372 1271 4437 mimofabnlae.
