2917 4950
504 312 591 381 50
1371 323 1917 379 Pnonneommu.

506 487 668 549 haec
711 488 842 550 iam
885 485 1000 548 alii
1047 493 1465 548 sanaverunt.
1554 485 1745 550 Nova
1784 482 2219 547 nanciscimur
2250 501 2334 542 ex
2364 478 2619 543 duobus
2662 471 2785 540 ad-

509 588 664 652 diti
722 587 1220 674 pronominis
1267 585 1607 651 relativi
1665 585 2017 672 exemplis,
2077 583 2159 647 de
2205 581 2441 667 quibus
2487 580 2643 643 vide
2684 577 2786 641 ad-
2882 628 2884 674 1

505 691 904 755 notationem
949 689 1035 754 ad
1078 712 1142 752 v.
1189 689 1316 754 423
1361 698 1425 752 et
1468 690 1615 754 483.
1708 688 1890 770 Quid
1950 688 2122 750 enim
2176 683 2358 753 aliud
2413 682 2620 747 latere
2672 680 2788 745 tibi

505 791 898 878 persuadeas
945 815 1009 856 v.
1054 793 1178 856 547

813 917 1004 993 Quam
1047 922 1126 976 est
1168 917 1309 990 felix
1351 919 1491 985 vita,
1537 935 1683 989 quae
1726 919 1852 974 sinc
1896 917 2136 990 weyotiis
2178 914 2411 980 transit,
2884 934 2886 1046 Ι

506 1049 634 1112 nisi
677 1049 834 1114 hoc:

999 1139 1190 1214 Quam
1231 1139 1370 1211 felix
1413 1141 1535 1197 rita
1580 1141 1792 1197 transi?
1835 1141 1961 1196 sine
2002 1138 2292 1211 neqobiis?

505 1270 660 1334 Pari
702 1232 894 1334 modo
940 1271 1010 1332 in
1055 1291 1250 1332 versu
1298 1269 1439 1352 132,
1488 1269 1599 1354 qui
1645 1267 1894 1332 tamdiu
1939 1267 2221 1332 editores
2265 1267 2563 1349 vexavit,

809 1413 1269 1470 Deliberandum
1313 1415 1393 1469 est
1437 1411 1721 1483 quidquid
1761 1411 2136 1469 statuendum
2180 1413 2259 1468 cst
2304 1410 2492 1478 semel,

510 1543 685 1630 quod
741 1541 1087 1605 manifeste
1143 1541 1362 1622 deest,
1420 1552 1494 1605 ut
1548 1540 1787 1605 habeat
1840 1542 2023 1606 semel
2067 1541 2171 1604 cui
2217 1549 2615 1628 opponatur,
2674 1560 2789 1601 non

509 1655 606 1709 est
650 1647 762 1710 diu
807 1666 888 1708 ex
920 1643 1270 1708 Vincentio
1315 1641 1683 1725 inductum,
1730 1641 1846 1705 sed
1888 1662 2073 1726 saepe
2115 1643 2185 1704 in
2222 1641 2359 1706 solo
2391 1641 2789 1724 Frisingensi

505 1757 871 1830 servatum3
918 1748 1050 1809 iam
1093 1744 1410 1809 adverbio
1457 1767 1573 1809 suo
1620 1743 1759 1810 loco
1804 1745 2091 1832 reposito
2122 1742 2504 1807 facillimum
2538 1745 2662 1808 erit
2692 1742 2787 1805 de·
2888 1741 2890 1772 ⁹

508 1849 635 1914 leto
681 1849 1061 1935 pronomine
1108 1849 1424 1910 scribere:

809 1973 1270 2031 Deliberamlum
1315 1977 1394 2030 cst
1435 1990 1623 2044 saepe,
1669 1973 2043 2030 statuendum
2092 1965 2464 2051 (est)·semel.

513 2105 745 2191 Neque
788 2102 916 2167 alio
962 2103 1126 2166 vitio
1173 2100 1428 2166 laborat
1472 2102 1540 2164 in
1588 2099 1813 2165 codice
1857 2101 1929 2165 F
1965 2103 2287 2166 sententia
2331 2103 2485 2167 632:

461 2209 468 2216 ⁸
818 2227 991 2289 Unus
1033 2229 1153 2288 dies
1185 2245 1442 2300 poenam
1486 2226 1674 2298 affert,
1721 2245 1901 2300 quam
1942 2223 2113 2286 multi
2157 2230 2428 2302 coquant,

471 2357 788 2448 ,ἄμετρος
844 2368 908 2422 et
961 2359 1045 2422 ab
1105 2359 1394 2422 oratione
1461 2357 1733 2440 vitiosa3
1799 2380 1950 2421 nam
2010 2356 2360 2422 dicendum
2418 2368 2561 2422 erat
2616 2378 2789 2440 quam
2892 2395 2894 2412 2

512 2463 696 2527 multi
740 2463 1179 2545 coyitaverunt.
1271 2458 1374 2524 Cf.
1423 2459 1640 2524 varias
1686 2457 1995 2525 lectiones
2042 2458 2127 2523 ad
2172 2483 2283 2524 vv.
2328 2461 2388 2525 5.
2435 2459 2541 2525 57.
2588 2460 2726 2525 234.

677 2564 1037 2649 Egregium
1083 2560 1606 2649 interpolationis
1667 2561 2038 2649 exemplum
2104 2562 2375 2649 praebet
2442 2561 2789 2627 futurum

521 2688 778 2753 quoque
834 2676 1232 2747 exactum,
1292 2664 1464 2751 quod
1521 2665 1591 2727 in
1634 2665 1974 2728 sententiis
2019 2664 2433 2748 generalibus
2480 2664 2552 2727 in
2598 2664 2789 2728 locum

514 2770 878 2856 praesentis
935 2770 1284 2833 succedere
1341 2766 1449 2830 vel
1507 2788 1698 2854 posse
1751 2765 1859 2830 vel
1916 2766 2148 2833 debere
2206 2769 2363 2831 satis
2414 2776 2641 2831 notum
2686 2775 2789 2827 est.
2893 2758 2896 2801 ³

509 2870 588 2935 Id
631 2871 837 2956 igitur
883 2882 955 2934 ut
1001 2868 1340 2957 discipulis
1386 2868 1743 2933 inculcaret
1788 2867 1927 2932 ludi
1970 2870 2302 2953 magister,
2348 2868 2589 2934 multos
2633 2868 2789 2932 locos
2893 2854 2896 2867 ᾖ

515 2973 828 3053 correxit,
874 2971 1084 3036 veluti
1126 2994 1192 3035 v.
1237 2971 1363 3034 242
1395 2973 1748 3054 peccaverit
1793 2972 2084 3055 (peccat),
2134 2972 2256 3035 179
2288 2974 2658 3055 perdiderit,
2691 2990 2788 3053 po-

433 3106 442 3113 =
505 3075 666 3152 terit,
713 3074 852 3137 213
879 3075 1082 3154 fueris
1125 3074 1337 3137 doctus
1383 3072 1498 3157 (sis
1542 3073 1814 3159 doctu3)3
1861 3096 2045 3161 prov.
2084 3075 2114 3136 1
2164 3076 2401 3139 deridet
2443 3071 2788 3158 (derisa-it).

510 3174 688 3238 Hinc
732 3176 1084 3261 petivimus
1133 3173 1408 3239 duorum
1442 3196 1748 3239 versuum
1798 3177 2223 3239 certissimam
2256 3176 2790 3240 emendationem:

520 3346 525 3350 -
626 3324 723 3372 241
771 3317 1025 3376 Imitare
1069 3322 1150 3376 est
1195 3318 1600 3387 calamitatem,
1646 3336 1777 3377 cum
1820 3322 1872 3376 te
1914 3318 2135 3390 felicem
2176 3336 2335 3377 voces
2382 3311 2743 3397 (vocaveris),

624 3426 726 3474 409
774 3418 1100 3480 Necessitas
1143 3421 1296 3493 quod
1327 3422 1532 3493 poscit,
1576 3422 1695 3479 nisi
1738 3422 1853 3489 dec,
1900 3423 2069 3493 erip-it
2116 3416 2393 3499 (dederis)
2408 3442 2427 3480 .·
2718 3418 2723 3423 ’

511 3549 597 3613 ad
643 3548 821 3613 illam
867 3550 1131 3636 quidem
1175 3552 1304 3613 iam
1350 3551 1648 3636 proxime
1687 3552 1964 3615 accessit
1996 3552 2207 3615 editor
2236 3549 2788 3636 IngolstadiensiS,

513 3653 643 3717 nisi
702 3652 876 3738 quod
933 3675 1064 3718 non
1121 3652 1293 3716 vidit
1347 3653 1766 3717 coniunctivo
1823 3675 1983 3740 opus
2033 3674 2175 3716 esse
2219 3655 2289 3717 in
2335 3655 2620 3718 secunda
2661 3671 2789 3737 per—

513 3776 705 3837 sona3
761 3754 883 3819 hoc
927 3754 1066 3821 loco
1111 3776 1194 3818 ne
1239 3756 1382 3841 quis
1428 3753 1834 3842 periclitetur
1874 3758 1947 3820 ‘ni
2004 3758 2245 3821 dederis
2285 3758 2487 3839 rapit,
2541 3768 2788 3820 monen-

517 3856 673 3919 dum
722 3866 820 3921 est
864 3857 1262 3945 respondere
1307 3857 1436 3921 sibi
1482 3860 1637 3923 dare
1681 3867 1745 3923 et
1788 3860 2024 3941 eripere
2066 3881 2130 3921 v.
2176 3858 2301 3923 352
2346 3867 2409 3922 et
2439 3858 2585 3942 536,
2630 3850 2787 3943 apud

511 3955 667 4021 Sall.
715 3958 862 4043 Iug.
915 3961 982 4041 1,
1030 3962 1103 4043 3,
1151 3959 1304 4025 Sen.
1354 3960 1552 4046 epist.
1598 3961 1713 4043 59,
1765 3961 1875 4043 18,
1924 3961 2007 4024 de
2052 3969 2255 4026 const.
2305 3983 2439 4049 sap.
2487 3962 2558 4043 5,
2603 3962 2675 4042 4,
2716 3952 2787 4041 ad

509 4057 705 4123 Helv.
753 4062 814 4142 8,
859 4061 921 4124 4.
1594 4098 1599 4109 -

683 4162 988 4247 Denique
1031 4162 1177 4248 plus
1222 4182 1351 4228 uno
1394 4165 1537 4229 loco
1583 4166 1652 4229 in
1694 4167 1881 4253 peius
1926 4175 2246 4230 mutatum
2280 4165 2581 4230 videmus
2624 4181 2783 4227 ver·

507 4260 782 4329 borum
849 4262 1241 4348 ordinem,
1312 4266 1380 4329 in
1437 4266 1779 4331 Turicensi
1837 4271 1905 4331 in
1960 4268 2187 4353 primis
2232 4290 2309 4331 ac
2356 4262 2777 4351 Frisingensis

515 4375 701 4454 parte
743 4365 970 4452 altera,
1017 4368 1174 4430 item
1217 4367 1393 4455 apud
1438 4369 1859 4435 Vincentium
1904 4369 2457 4437 Bellovacensem.
2528 4368 2782 4435 Minime
