2917 4950
835 394 846 398 ¹
949 293 1503 376 paona-osonum.
1689 386 1701 403 Ι
2302 309 2387 372 49

275 481 445 562 Quid
498 482 738 545 mirum
782 502 857 546 eo
911 479 1216 545 licentiae
1259 480 1661 566 processisse
1704 480 2234 564 grammaticum,
2290 488 2384 561 ut,

113 608 252 649 cum
289 593 510 648 ‘versus
556 583 643 646 ad
687 581 1051 648 litterarum
1097 580 1392 650 ordinem
1414 576 1657 648 *essent
1702 582 2033 669 dispositi,
2092 580 2201 645 vel
2244 581 2389 668 ipsa
2480 627 2493 650 s

111 689 310 774 prima
350 687 823 752 sententiarum
867 678 1189 752 vocabula
1230 695 1689 772 transponeret
1730 694 1843 749 aut
1887 685 2280 766 immutaret,
2316 691 2391 747 ut

112 813 171 853 v.
215 791 352 855 233.
398 789 546 854 322.
635 789 779 853 Iam
832 811 988 854 vero
1045 811 1204 877 quas
1251 789 1607 854 sententias
1650 809 1907 851 morum
1951 786 2393 851 emendationi

113 893 356 957 obstare
401 891 734 975 credebat,
779 901 893 957 aut
935 893 1156 958 omisit
1199 901 1312 956 aut
1357 893 1678 975 correxit,
1712 900 1786 956 ut
1829 890 2075 955 frustra
2118 911 2390 978 quaeras

113 995 209 1060 his
250 994 522 1060 similes:

313 1122 394 1181 20
409 1107 651 1194 ‘Aperte
691 1123 852 1181 mala
895 1140 1029 1181 cwm
1071 1127 1152 1181 est
1193 1123 1422 1190 muster,
1467 1125 1593 1180 tum
1636 1121 1867 1180 demum
1909 1123 1991 1179 est
2036 1114 2228 1190 bona(

249 1272 255 1277 ,
313 1225 391 1283 38
435 1222 718 1284 Amantis
757 1226 1176 1284 iusiurandum
1208 1243 1465 1298 poenam
1506 1241 1631 1282 non
1671 1223 1857 1282 habet.
2046 1233 2053 1243 ·

315 1327 393 1384 98
443 1324 591 1386 Cum
632 1328 776 1386 vitia
807 1331 1080 1401 prosunt,
1114 1331 1316 1401 peccat
1358 1328 1461 1400 qui
1502 1331 1647 1385 recte
1689 1325 1849 1396 facit.

275 1429 394 1486 541
441 1429 558 1504 Qui
589 1433 726 1502 pote
767 1431 948 1488 celare
989 1431 1214 1498 vitium,
1258 1430 1468 1487 vitium
1508 1446 1633 1486 ‘non
1672 1427 1834 1500 facit.

22 1553 24 1556 ’
119 1561 220 1624 Ne
251 1560 436 1647 pueri
479 1560 646 1624 vitia
691 1560 1018 1624 seniorum
1062 1560 1496 1640 imitarentur,
1542 1579 1807 1622 versum
1852 1556 1978 1621 633

520 1701 639 1762 Ubi
669 1707 871 1776 peccat
912 1685 1073 1764 aetas
1114 1703 1322 1771 maior,
1365 1701 1517 1761 male
1560 1700 1727 1760 discit
1768 1701 1981 1768 minor,

122 1834 206 1898 ita
245 1833 544 1899 refinxit:

421 1976 543 2036 Ubi
583 1980 841 2037 senectus
872 1981 1092 2050 peccat,
1137 1977 1216 2036 ad
1259 1993 1427 2048 quem
1468 1974 1685 2049 refuqit
1726 1975 2057 2048 sapientia?

22 2177 24 2188 ἶ
123 2106 224 2171 Of.
256 2108 445 2172 etiam
489 2129 555 2170 v.
587 2106 734 2171 448.
822 2107 1128 2194 Denique
1170 2106 1499 2171 hominem
1543 2104 1975 2169 christianum
2017 2104 2090 2167 in
2133 2124 2208 2168 eo
2248 2124 2404 2189 quo·

126 2231 245 2296 que
285 2231 623 2295 agnoscaS,
671 2208 844 2295 quod
889 2209 1130 2275 multus
1178 2218 1278 2274 est
1319 2211 1386 2274 in
1417 2206 1749 2271 laudanda
1779 2206 2178 2277 conscientia
2206 2213 2405 2286 recta,

22 2304 24 2334 ³
126 2321 190 2374 et
230 2313 294 2376 in
335 2310 545 2382 malae
591 2309 1034 2376 sollicitudine
1079 2312 1162 2378 ob
1209 2310 1428 2377 oculos
1475 2309 1796 2398 ponenda.
1886 2308 1991 2374 Cf.
2023 2330 2089 2371 v.
2128 2308 2227 2372 97.
2265 2307 2407 2372 196.

22 2418 24 2426 ’
128 2413 266 2479 200.
309 2413 454 2484 665.
500 2413 644 2479 683.

289 2514 512 2598 Quare
567 2518 681 2603 qui
734 2539 956 2581 secum
1009 2519 1444 2605 reputaverit,
1504 2526 1817 2603 quantum
1876 2514 2237 2578 sententiae
2281 2512 2407 2576 Pu-

22 2690 24 2693 >
129 2617 290 2683 blilii
332 2621 400 2684 in
447 2619 672 2685 codice
702 2620 1048 2684 Turicensi
1091 2642 1131 2683 a
1173 2621 1453 2707 pristina
1484 2620 1693 2685 forma
1714 2618 2148 2698 desciverint,
2191 2614 2411 2681 facere

22 2724 24 2821 j
129 2744 248 2786 non
288 2724 550 2811 poterit,
584 2723 741 2809 quin
787 2744 894 2787 eas
925 2723 995 2785 in
1027 2722 1264 2788 scholis
1312 2723 1815 2788 christianorum
1858 2719 2184 2784 lectitatas
2230 2715 2408 2780 ideo-

133 2846 246 2910 que
289 2825 746 2913 depravationi
787 2825 1075 2889 maxime
1119 2825 1437 2891 obnoxias
1483 2826 1688 2889 fuisse
1732 2830 2009 2888 statuat:
2056 2820 2231 2885 unde
2262 2840 2408 2883 con-

131 2926 411 2994 firmatur
441 2928 836 3015 Hieronymi
876 2928 1322 2992 testimonium
1355 2928 1436 2991 de
1467 2924 1593 3015 quo
1625 2948 1819 3013 supra
1850 2924 2138 2990 diximus
2166 2944 2275 3010 pg.
2310 2920 2411 2988 14.

132 3028 211 3095 Et
251 3032 412 3096 haec
459 3030 725 3119 quidem
770 3030 852 3093 de
898 3028 1141 3095 codicis
1186 3030 1342 3095 Tur.
1388 3028 2028 3117 interpolationibus.

287 3134 356 3221 2)
404 3132 538 3199 Sed
585 3154 733 3197 cum
775 3131 1294 3218 interpolationis
1340 3133 1532 3197 initia
1574 3130 1764 3195 claris
1798 3127 2116 3217 exemplis
2150 3126 2412 3189 demon·

133 3244 322 3302 strata
381 3258 584 3323 supra
639 3235 966 3301 saeculum
1021 3258 1263 3301 nonum
1317 3234 1704 3316 ascendant,
1771 3230 2212 3319 quaerendum
2269 3227 2413 3309 erit,

130 3360 274 3402 num
317 3341 517 3403 etiam
563 3338 820 3404 codices
871 3338 1156 3419 PRBF,
1205 3360 1479 3425 quorum
1521 3336 1605 3401 ad
1650 3337 1849 3401 fidem
1891 3342 2115 3400 nostra
2157 3339 2413 3396 senten-

134 3441 357 3506 tiarum
401 3442 698 3507 recensio
743 3441 918 3507 facta
947 3451 1085 3526 est,
1133 3440 1458 3507 similibus
1491 3440 1674 3504 vitiis
1707 3437 2027 3525 inquinati
2060 3436 2209 3499 sint.
2277 3430 2413 3496 Eos

138 3542 508 3629 integritate
565 3546 926 3631 scripturae
980 3543 1174 3628 longe
1230 3544 1476 3608 distare
1517 3565 1557 3606 a
1600 3543 1655 3606 T
1659 3542 1943 3607 uricensi
1984 3541 2118 3604 iam
2161 3536 2420 3620 saepius

138 3642 374 3710 dictum
439 3654 571 3728 est,
628 3647 770 3711 sive
817 3646 1002 3733 squod
1059 3644 1458 3733 exemplaria
1504 3668 1588 3709 ex
1632 3644 1867 3731 quibus
1914 3638 2227 3725 descripti
2270 3642 2424 3702 sunt

135 3768 253 3811 non
293 3750 387 3814 ita
416 3748 1006 3820 innumerabilibus
1038 3749 1378 3814 scatebant
1394 3747 2027 3834 interpretamentis,
2074 3742 2217 3804 sive
2246 3734 2419 3824 quod

135 3846 407 3915 librariis
455 3852 614 3916 satis
660 3851 788 3917 fuit
831 3852 1240 3939 prudentiae,
1286 3860 1359 3916 ut
1402 3848 1939 3937 interpolationes
1982 3844 2068 3909 ab
2097 3842 2262 3929 ipsis
2294 3839 2419 3903 Pu-

137 3950 294 4017 blilii
336 3953 560 4018 verbis
608 3954 1072 4019 discernerent.
1161 3952 1607 4019 Nihilominus
1654 3950 1941 4015 excitata
1986 3955 2087 4012 est
2132 3942 2419 4030 suspicio

132 4052 271 4118 fieri
311 4056 604 4143 potuisse
648 4065 722 4121 ut
766 4056 1090 4121 similibus
1139 4056 1221 4119 de
1267 4056 1478 4120 causis
1524 4052 1765 4119 similia
1808 4052 1976 4116 vitia
2018 4051 2419 4135 ingruerent.

293 4157 434 4224 Iam
480 4158 652 4246 quod
697 4158 783 4223 ad
814 4160 1366 4247 comparationem
1393 4156 1871 4222 adiectivorum
1904 4155 2212 4241 pertinet,
2245 4144 2423 4212 haud

145 4256 442 4327 dissimile
488 4272 609 4345 est,
657 4260 830 4348 quod
875 4261 946 4325 in
991 4260 1162 4325 Fris.
1209 4260 1452 4347 legitur
1497 4283 1558 4326 v.
1590 4259 1751 4343 2273
1800 4256 2032 4322 similis
2081 4252 2325 4318 codicis
2356 4246 2429 4312 E

149 4360 569 4452 discrepantia
622 4388 688 4428 v.
733 4365 888 4430 317:
956 4362 1040 4427 cf.
1097 4362 1320 4429 adnot.
1377 4384 1635 4451 quoque
1686 4360 1771 4425 ad
1820 4382 1894 4465 *V-
1945 4356 2087 4423 198.
2174 4351 2422 4417 Verum

231 4478 478 4521 Punmrus
505 4478 674 4521 Snus.
1981 4466 2015 4514 4
