2917 4950
412 283 525 392 108
571 339 589 350 .
1024 301 1335 350 Ρυιιιιιωι
1382 301 1536 350 svm
1585 301 2044 350 snn'rnnmn.

400 459 522 517 585
570 452 733 540 Spes
776 462 875 518 est
918 452 1169 537 salutis,
1215 454 1330 519 ubi
1372 453 1702 520 hominem
1747 455 2050 540 obiurgat
2093 453 2323 542 pudor.

571 554 861 621 Suadere
903 557 1206 643 primum,
1250 555 1404 621 dein
1449 557 1776 642 corrigere
1819 555 2111 622 benivoli
2159 566 2280 622 est.

529 684 539 695 ·
571 657 845 745 Sapiens
891 667 1117 724 eontra
1158 679 1380 724 omnes
1424 680 1606 722 arma
1647 658 1797 740 fert,
1844 680 1991 722 oum
2035 659 2300 744 cogitat.

573 755 1066 825 Sanctissimum
1111 770 1211 825 est
1253 761 1652 844 meminisse,
1699 762 1804 826 eui
1847 770 1914 826 te
1957 759 2222 829 debeas.

571 860 769 926 Stulti
813 864 1045 927 timent
1088 863 1436 946 fortunam,
1486 863 1833 950 sapientes·
1862 861 2102 928 ferunt.

277 1041 285 1048 ‚
401 969 526 1029 590
571 963 835 1047 Sensus,
882 986 1013 1029 non
1055 974 1233 1030 aetas
1284 965 1541 1028 invenit
1585 965 1998 1052 sapientiam.

572 1066 841 1153 Semper
883 1066 1142 1131 beatam
1186 1089 1257 1132 se
1301 1075 1490 1154 putat
1532 1067 1930 1152 benignitas,

572 1168 780 1255 Saepe
824 1169 1221 1253 ignoscendo
1266 1168 1381 1233 des
1427 1168 1704 1233 iniuriae
1748 1168 1988 1234 locum.-

573 1269 754 1336 Solet
798 1292 941 1338 esse
983 1271 1055 1334 in
1098 1271 1318 1337 dubiis
1362 1293 1482 1359 pro
1529 1270 1801 1336 oonsilio
1844 1270 2200 1334 temeritas.

468 1401 482 1412 ‘
568 1373 840 1460 Semper
882 1371 1226 1438 consilium
1270 1382 1427 1438 tune
1471 1372 1676 1456 deest,
1725 1394 1872 1436 oum
1917 1394 2080 1460 opus
2108 1380 2226 1436 ¹est
2269 1373 2575 1436 maxime.

403 1479 524 1538 595
572 1474 847 1561 Sapiens
892 1475 1067 1561 quod
1111 1475 1357 1561 petitur
1396 1475 1514 1538 ubi
1554 1484 1751 1556 tacet,
1798 1474 2088 1539 breviter
2130 1483 2348 1560 negat.

464 1633 467 1636 ,
570 1575 839 1664 Semper
882 1575 1026 1663 plus
1070 1578 1303 1641 metuit
1344 1577 1599 1641 animus
1645 1577 1944 1662 ignotum
1986 1575 2249 1646 malum.

571 1675 873 1744 Secunda
915 1679 987 1744 in
1028 1687 1412 1766 paupertate
1454 1678 1718 1744 fortuna
1762 1687 1862 1744 est
1905 1677 2090 1743 fides.

573 1780 645 1845 Si
688 1779 782 1845 nil
826 1780 991 1846 velis
1035 1779 1289 1863 timere,
1344 1792 1596 1846 metuas
1641 1782 1878 1846 omnia.

572 1881 1005 1948 Summissum
1045 1885 1388 1970 imperium
1430 1881 1562 1949 no'n
1604 1892 1782 1948 tenet
1825 1884 2000 1948 vires
2045 1905 2218 1948 suas.

402 1992 526 2050 600
548 1983 913 2050 Secundus
961 1994 1060 2049 est
1103 2006 1143 2048 a
1184 1994 1391 2050 matre
1434 1986 1710 2049 nutricis
1756 1984 1960 2050 dolor.

572 2085 711 2152 Sibi
755 2088 885 2174 ipsi
930 2085 1344 2173 supplicium,
1392 2086 1664 2151 admissi
1708 2108 1898 2173 quem
1944 2087 2251 2174 paenitet.

570 2188 774 2254 Suum
822 2190 1117 2276 sequitur
1159 2188 1376 2254 lumen
1428 2210 1685 2277 semper
1728 2190 2116 2275 innoeentia.

572 2289 855 2356 Stultum
902 2301 1000 2356 est
1043 2291 1242 2354 alium
1288 2289 1459 2354 velle
1502 2290 1733 2355 ulcisci
1779 2313 1988 2379 poena
2033 2313 2168 2357 sua.

570 2391 714 2457 Sibi
757 2393 965 2481 primo
1010 2392 1332 2457 auxilium
1376 2394 1627 2481 eripere
1671 2402 1770 2458 est
1814 2393 1991 2481 leges
2023 2391 2283 2471 tollere.

407 2688 673 2733 comens
721 2692 767 2731 v.
804 2671 1167 2738 584—625;
1214 2667 1394 2749 F(T)

399 2810 574 2883 possit
604 2808 813 2883 putat':
859 2804 895 2843 ’¹‘
928 2814 1170 2868 correxi
1362 2809 1503 2887 ,585
1550 2826 1674 2885 spes
1705 2828 1750 2867 S.
1785 2817 1900 2881 est,
1959 2809 2048 2864 ubi
2088 2810 2142 2865 h.
2177 2826 2226 2866 ο.
2259 2811 2423 2865 timor
2458 2809 2509 2865 T

403 2892 525 2951 586
571 2895 624 2949 d.
670 2912 715 2951 c.
760 2894 814 2952 b.
858 2903 942 2951 est
971 2896 1187 2953 Bothe.-
1225 2894 1279 2951 b.
1315 2902 1402 2952 est
1442 2895 1497 2951 d.
1530 2912 1578 2952 c.
1613 2896 1684 2967 F,
1727 2914 1771 2951 s.
1803 2895 1856 2950 h.
1906 2901 1990 2950 est
2032 2912 2086 2967 p.
2129 2894 2180 2952 d.
2224 2912 2271 2951 c.
2307 2894 2522 2951 Gruter

401 2978 525 3040 590
568 2995 788 3035 sensum
830 2998 939 3037 non
981 2987 1125 3036 aetas
1165 2982 1369 3037 invenit
1410 2982 1671 3054 sapientia
1699 2981 1782 3044 ,Τ,·
1826 2998 1904 3037 an
1948 2979 2192 3035 invehit?
2363 2978 2485 3036 592
2529 2996 2706 3053 saepe

399 3064 782 3139 ignoscendo.
821 3107 834 3119 .
868 3066 1092 3120 iniuriae
1135 3064 1312 3121 locum
1358 3065 1608 3122 Gruter.-
1665 3066 1876 3139 sapiens
1917 3080 2132 3137 semper
2173 3064 2483 3138 quiescendi
2515 3106 2529 3120 .
2563 3107 2577 3119 .
2610 3061 2706 3120 lo·-

400 3165 520 3205 cum
552 3150 775 3203 iniuriae
807 3150 888 3213 F,·
933 3151 1013 3223 cf.
1049 3168 1099 3206 v.
1136 3148 1276 3207 238.
1306 3149 1431 3207 465
1625 3145 1660 3183 ’³‘
1693 3150 1814 3206 dest
1849 3150 1941 3205 dat
1971 3150 2041 3220 F,
2074 3148 2166 3204 das
2201 3150 2448 3213 Gruter3
2477 3149 2557 3221 cf.
2586 3167 2696 3222 pq.

402 3233 480 3291 61
654 3232 775 3291 593
820 3235 875 3289 in
916 3234 1152 3289 adversis
1199 3236 1250 3292 T
1457 3234 1578 3292 594
1627 3252 1764 3309 opus
1805 3243 1889 3291 est
1929 3235 2254 3291 Desbillon:
2297 3242 2383 3290 est
2425 3251 2562 3307 opus
2607 3234 2702 3299 11⁷,-

330 3308 345 3318 ”
400 3335 521 3375 cum
566 3334 703 3391 opus
745 3336 989 3375 maxume
1032 3328 1116 3375 est
1159 3324 1554 3392 scripserunt,
1601 3323 1702 3394 qui
1741 3320 1894 3376 deest
1923 3321 2270 3416 disyllabum
2301 3326 2682 3413 acceperunt:

401 3402 481 3475 cf.
525 3421 575 3459 v.
625 3402 759 3463 151.
807 3403 948 3461 229.
983 3402 1103 3462 628
1216 3404 1399 3483 595
1443 3404 1720 3462 Menand.
1769 3404 2014 3463 Monost
2061 3403 2202 3462 223.
2237 3392 2272 3475 ἦ
2325 3392 2440 3479 γὰρ
2495 3394 2699 3479 σιωπὴ

400 3488 691 3560 μαρτυρεῖ
728 3474 793 3542 τὸ
834 3476 915 3561 μὴ
956 3474 1223 3545 θέλειν
1210 3520 1231 3529 κ
1375 3490 1497 3547 596
1543 3483 1820 3566 ignotum]
1867 3510 1904 3546 ι.
1940 3504 1988 3545 e.
2029 3507 2245 3561 parum
2286 3496 2480 3546 notum

402 3572 531 3630 598
573 3570 799 3630 Seneca
829 3581 948 3631 nat.
980 3583 1199 3648 quaest.
1235 3576 1294 3647 6,
1327 3574 1385 3645 2,
1420 3575 1456 3632 3
1503 3576 1571 3631 ‘si
1604 3575 1766 3631 vultis
1809 3574 1943 3630 nihil
1986 3574 2206 3646 timere,
2247 3576 2484 3649 cogitate
2515 3574 2702 3630 omnia

400 3674 519 3714 esse
550 3658 831 3715 timenda?
924 3658 1013 3733 Cf.
1050 3679 1102 3719 v.
1142 3660 1278 3717 116.
1314 3659 1434 3718 607
1609 3660 1682 3716 nil
1714 3659 1975 3731 Inyolst..
1969 3684 1980 3695 ·
2006 3658 2140 3718 nihil
2173 3661 2231 3715 F
2407 3659 2523 3717 601
2573 3659 2697 3715 Re-

399 3748 666 3819 spexisse
696 3746 921 3802 videtur
951 3744 1084 3802 Sen.
1117 3747 1189 3801 de
1217 3750 1309 3802 ira
1342 3744 1413 3815 3,
1447 3745 1550 3814 26,
1583 3744 1618 3799 2
1665 3742 1913 3799 maxima
1944 3752 2028 3800 est
2058 3744 2228 3800 sactae
2256 3745 2480 3801 iniuriae
2514 3760 2695 3841 poen-a

401 3829 625 3900 fecisse,
668 3846 767 3886 nec
809 3831 1094 3905 quisquam
1140 3833 1355 3904 gravius
1398 3828 1679 3901 adficitur,
1724 3845 1881 3923 quam
1925 3830 2018 3903 qui
2059 3828 2124 3885 ad
2155 3830 2477 3904 supplicium
2507 3828 2696 3926 paeni-

402 3914 601 3969 tentiae
642 3914 921 3971 traditur-‚³
1008 3914 1286 3972 Menand.
1329 3914 1575 3973 Monost.
1624 3914 1736 3972 667
1790 3899 1863 3985 ἡ
1853 3906 1936 3969 δὲ
1988 3906 2271 3986 μετάνοια
2319 3902 2542 3989 γίγνετ’
2584 3900 2695 3965 ἆν-

400 3990 674 4068 θρώποις
722 3996 909 4074 κρίσις
1104 4001 1249 4071 fort.
1282 4002 1399 4074 ipse
1597 3995 1632 4033 '¹‘
1663 3999 2006 4073 supplicium
2031 3998 2171 4055 adm.
2214 4016 2401 4073 quem:
2446 3998 2536 4054 dat
2565 4016 2691 4072 sup.

405 4099 563 4155 quem
596 4082 733 4138 adm.
772 4084 826 4138 F
961 4080 1227 4160 paenitet]
1261 4084 1445 4159 pudet
1463 4088 1738 4149 editor-633
1783 4084 1865 4156 cf.
1899 4104 1948 4141 v.
1988 4084 2126 4141 196.
2163 4084 2284 4141 366
2443 4083 2564 4141 602
2611 4085 2695 4139 in·

400 4168 973 4227 nocentiamBothius
1102 4169 1222 4227 603
1274 4168 1361 4242 Cf.
1396 4188 1446 4226 v.
1475 4169 1594 4227 611
1630 4174 1684 4225 et
1713 4167 1987 4226 Menand.
2009 4168 2254 4226 Monost.
2286 4166 2404 4225 152
2438 4157 2696 4241 ἐχθροὺς

400 4238 637 4325 ἀμύνου
667 4240 749 4325 μὴ
774 4238 864 4307 ’πὶ
897 4250 969 4331 τῇ
1000 4250 1221 4307 σαυτοῦ
1230 4245 1450 4331 βλάβῃ
1654 4254 1794 4309 velle
1825 4254 2010 4310 ulcisci
2040 4256 2299 4327 lnyolsta
2331 4253 2440 4330 ulo.
2474 4254 2610 4309 velle
2643 4255 2700 4310 F

398 4336 527 4398 -604
572 4339 747 4454 primo
782 4339 999 4409 Bothe.-
1042 4340 1273 4412 primum
1303 4339 1360 4394 F
1527 4340 1737 4412 eripere
1767 4340 2139 4412 est-Inqolsta
2170 4346 2255 4395 est
2283 4354 2362 4411 er.
2397 4340 2454 4394 F
