2917 4950
7 2486 15 2633 s

0 2854 19 3622 i

0 4161 16 4528 ι

797 301 1109 349 Punmmi
1157 303 1315 350 SYRI
1361 304 1822 352 senmurum.
2209 353 2225 370 ,
2372 292 2453 356 77

178 461 292 517 170
337 453 608 518 Frustra
649 461 940 538 rogatur,
988 455 1100 541 qui
1142 457 1441 520 misereri
1483 477 1611 521 non
1658 465 1895 544 potest.

329 555 620 619 Fortuna
661 555 836 619 unde
879 553 1131 643 aliquid
1177 556 1394 642 fregit,
1443 579 1703 622 cassum
1750 607 1765 622 .
1814 607 1829 622 .
1880 568 1999 624 est.

326 657 532 721 Fraus
583 665 683 721 est
725 658 1045 742 accipere,
1093 659 1266 745 quod
1311 682 1441 725 non
1487 659 1699 746 possis
1745 658 2040 725 reddere.

324 759 618 824 Fortuna
659 759 932 824 nimium
980 782 1170 846 quem
1215 761 1418 844 fovet,
1468 761 1738 826 stultum
1783 762 1959 828 facit.

327 859 601 924 Fatetur
645 859 922 944 facinus,
978 864 1272 950 quisquis
1319 863 1638 927 iudicium
1682 862 1874 949 fugit.

169 969 279 1026 175
325 961 521 1027 Felix
562 962 930 1050 inprobitas
975 965 1366 1050 optimorum
1411 975 1511 1029 est
1555 963 1911 1030 calamitas

324 1065 550 1148 Feras,
595 1088 728 1130 non
765 1063 994 1153 ‚culpes
1047 1064 1222 1152 quod
1266 1068 1507 1132 mutari
1548 1088 1678 1131 non
1721 1077 1955 1154 potest.

325 1167 576 1231 Futura
619 1178 934 1255 pugnant,
979 1189 1100 1256 nec
1143 1190 1214 1232 se
1259 1169 1555 1257 superari
1600 1170 1844 1234 sinunt.

326 1269 538 1333 Furor
583 1269 656 1334 fit
701 1269 876 1336 laesa
921 1271 1182 1358 saepius
1227 1272 1566 1358 patientia.

322 1370 560 1435 Fidem
605 1373 716 1457 qui
759 1371 996 1458 perdit,
1043 1372 1133 1438 nil
1178 1368 1330 1460 pote
1375 1371 1549 1437 ultra
1592 1373 1886 1460 perdere.

169 1478 280 1538 180
323 1472 642 1538 Facilitas
687 1475 890 1538 nimia
933 1474 1020 1538 ad
1063 1485 1317 1562 partem
1362 1474 1683 1540 stultitiae
1725 1477 1915 1564 rapit.

319 1574 524 1639 Fid-es
572 1576 744 1640 sicut
786 1577 1026 1659 anima,
1072 1577 1248 1641 unde
1291 1575 1479 1660 abiit,
1526 1599 1881 1664 numquam
1924 1579 2117 1643 redit.

317 1675 553 1740 Fidem
598 1699 787 1742 nemo
831 1701 1138 1764 umquam
1179 1677 1423 1765 perdit,
1472 1679 1621 1743 nisi·
1645 1681 1758 1766 qui
1801 1702 1929 1744 non
1974 1680 2198 1744 habet.

315 1778 608 1844 Fortuna
653 1779 882 1844 obesse
925 1779 1088 1844 nulli
1135 1791 1442 1846 contenta
1488 1790 1587 1845 est
1632 1782 1855 1846 semel.

165 2021 424 2066 comens
469 2024 520 2063 v,
560 2007 919 2065 166—192:
964 2009 1188 2066 PRBF
1213 2007 1406 2081 (TEG)

155 2125 306 2198 Dioy.
341 2127 541 2183 Laert.
577 2127 614 2185 5
635 2170 650 2197 ‚
687 2128 760 2182 11
779 2170 796 2199 ,
833 2128 908 2184 18
941 2130 1011 2184 de
1040 2129 1351 2185 Aristotele
1391 2113 1458 2182 τὸ
1490 2119 1704 2196 κάλλος
1734 2115 1953 2197 παντὸς
1984 2123 2183 2204 ἔλεγεν
2213 2122 2441 2185 ἐπιστο-

156 2205 274 2264 λίου
311 2204 820 2286 συστατικώτερον
1007 2220 1092 2268 est
1127 2231 1232 2269 om.
1267 2214 1581 2270 Fabricius
1784 2215 1905 2272 170
1948 2216 2206 2271 miserere
2235 2217 2307 2288 P,
2348 2219 2447 2292 mi·

156 2296 249 2350 seri
281 2295 328 2352 C
502 2297 620 2354 171
669 2296 760 2353 ubi
791 2298 845 2353 B
985 2314 1195 2354 cassum
1227 2298 1285 2353 F
1309 2305 1366 2354 et
1395 2300 1559 2354 codd.
1592 2302 1859 2356 meliores
1890 2301 2160 2358 Gruteri:
2189 2293 2443 2374 quassum

151 2379 360 2440 PRBC
521 2382 740 2456 penitus
785 2390 870 2439 est
913 2383 1129 2440 Gruter
1303 2382 1422 2440 172
1470 2383 1573 2440 EC
1616 2384 1773 2440 Vinc.
1814 2385 1962 2443 Bell.
2012 2402 2101 2456 sp.
2145 2387 2199 2441 d.
2234 2384 2295 2457 4,
2330 2385 2429 2443 53.

156 2463 205 2536 6,
237 2465 332 2529 15,
425 2467 652 2525 Seneca
683 2470 754 2525 de
784 2467 974 2541 benef.
1011 2468 1084 2540 5,
1118 2468 1188 2531 6,
1221 2467 1257 2523 2
1305 2465 1583 2525 eSocrates
1615 2467 1782 2543 dixit,
1824 2487 1883 2527 se
1915 2469 2062 2528 nolle
2090 2468 2351 2528 beneficia
2379 2470 2442 2528 ab

152 2564 207 2604 eo
235 2554 501 2627 accipere,
533 2554 620 2609 eui
651 2570 761 2609 non
792 2555 967 2627 possit
995 2555 1144 2627 paria
1173 2552 1448 2610 reddere'.
1524 2555 1614 2626 Cf.
1649 2575 1699 2613 v.
1735 2555 1856 2613 573
2034 2550 2153 2613 173
2200 2556 2239 2612 l'.
2275 2572 2437 2629 quem

153 2636 417 2693 minimum
463 2638 508 2693 C
719 2637 842 2695 174
898 2634 932 2670 *
966 2639 1212 2712 quisquis
1265 2642 1499 2696 meliore
1555 2655 1841 2697 caesura.-
1900 2642 1983 2697 his
2038 2640 2131 2715 qui
2172 2640 2339 2712 PbE,
2394 2642 2441 2696 is

154 2722 235 2791 qui
274 2723 512 2794 PaRF,
555 2727 685 2779 ilem
733 2723 788 2777 B
829 2727 944 2780 uisi
984 2726 1135 2797 quod
1175 2742 1292 2779 ema
1332 2727 1529 2780 littera
1571 2731 1707 2781 ante
1748 2725 1794 2781 is
1836 2741 2011 2782 erasa
2056 2734 2170 2796 est,
2218 2726 2311 2799 qui
2349 2725 2444 2781 TC

167 2804 310 2863 Vinc.
350 2809 499 2865 Bell.
534 2824 621 2879 sp.
653 2810 706 2864 d.
741 2806 802 2879 4,
837 2807 914 2865 65
1091 2808 1234 2883 fugit
1263 2808 1515 2864 iuditium
1546 2811 1629 2882 E,
1674 2808 1908 2867 fateatur
1937 2809 1977 2865 f.
2010 2818 2297 2884 prompte,
2340 2812 2433 2883 qui

152 2889 182 2941 i.
221 2890 258 2946 s.
299 2892 588 2949 manifeste
633 2893 700 2948 T.
793 2893 1054 2950 Ceterum
1094 2894 1250 2949 hanc
1294 2898 1636 2951 sententiam
1668 2902 1803 2967 post
1844 2915 1895 2952 v.
1946 2895 2063 2951 168
2108 2896 2340 2951 exhibet
2366 2896 2436 2963 F,

151 2977 242 3031 sed
275 2982 499 3035 rectius
537 2979 634 3034 hic
677 2980 960 3035 collocari
995 2980 1206 3035 indicio
1239 2987 1334 3035 est
1373 2981 1623 3036 eiusdem
1668 2982 1884 3037 codicis
1925 2983 2263 3052 corruptela
2303 2978 2440 3035 iudi-

151 3060 277 3116 cium
308 3063 458 3132 facit,
492 3070 620 3119 orla
653 3078 733 3120 ex
763 3082 812 3120 v.
850 3063 968 3121 173
1176 3064 1249 3119 17
1257 3063 1294 3118 5
1341 3064 1380 3120 s.
1415 3072 1500 3121 est
1528 3066 1563 3119 i.
1598 3082 1649 3121 o.
1684 3082 1732 3121 c.
1785 3066 1942 3122 Vinc.
1976 3065 2127 3123 Bell.
2162 3082 2249 3137 sp.
2282 3066 2338 3121 d.
2370 3065 2434 3137 4,

153 3142 225 3198 82
400 3148 522 3205 176
569 3148 724 3203 vitari
769 3148 984 3205 Gellius
1019 3149 1129 3217 17,
1167 3147 1274 3218 14,
1310 3150 1378 3211 C;
1425 3150 1622 3206 imitari
1666 3158 1794 3207 vett.
1842 3153 1995 3207 editt.
2033 3151 2159 3207 Ioa.
2196 3150 2434 3207 Saresb.

151 3228 348 3289 Policr.
383 3232 446 3304 8,
481 3231 560 3287 14
675 3240 834 3307 potes
869 3232 921 3289 T
1091 3233 1209 3289 177
1255 3242 1502 3308 pugnant
1532 3235 1807 3292 PaRFC:
1851 3252 1960 3291 non
1992 3241 2239 3309 pugnant
2269 3235 2430 3304 PbB,

149 3326 388 3390 pungunt
419 3318 684 3375 Ribbeck
854 3335 957 3375 nec
997 3319 1083 3374 R.-
1129 3334 1196 3374 ue
1226 3318 1461 3388 PBFC,
1508 3336 1619 3375 non
1660 3322 1887 3377 videtur
1926 3336 2111 3390 supra
2154 3322 2433 3391 scriptum

146 3396 318 3466 fuisse
346 3407 406 3459 in
439 3404 760 3477 archetypo
789 3403 1235 3474 codicum-PbB,
1270 3406 1422 3460 unde
1453 3408 1683 3478 negatio
1714 3408 1861 3461 male
1893 3408 1971 3461 ad
1998 3406 2231 3464 verbum
2256 3422 2435 3477 prae-

152 3487 344 3544 cedens
374 3494 638 3544 retracta
673 3496 774 3544 est.
949 3488 1250 3559 sinunt.R‚
1283 3492 1336 3545 si
1361 3496 1523 3545 recle
1552 3492 1698 3563 leyi:
1730 3490 1919 3546 sinant
1949 3490 2187 3561 PBFC,
2230 3498 2293 3545 ut
2322 3530 2338 3544 .
2373 3529 2385 3543 .
2421 3530 2434 3543 .

149 3568 309 3627 sinant
338 3575 656 3633 Erasmus.
799 3573 920 3630 178
968 3571 1016 3629 C
1060 3574 1217 3630 Vinc.
1253 3574 1402 3630 Bell.
1438 3590 1530 3645 sp.
1561 3576 1615 3630 d.
1648 3572 1708 3643 4,
1745 3574 1897 3644 1333
1944 3576 2028 3648 cf.
2064 3594 2112 3632 v.
2146 3574 2269 3631 412

151 3650 274 3710 laesa
301 3658 563 3731 sapientia
595 3660 806 3732 saepius
856 3658 1018 3721 Vinc.
1198 3658 1318 3715 179
1366 3660 1457 3733 qui
1488 3656 1648 3715 fidem
1696 3659 1853 3716 Vinc.
1886 3660 2038 3717 Bell.
2070 3676 2157 3731 sp.
2187 3662 2240 3715 d.
2268 3659 2327 3727 4,
2352 3658 2431 3717 58

301 3742 536 3816 perdidit
569 3744 651 3815 B,
694 3742 992 3817 perdiderit
1029 3744 1079 3799 T
1243 3743 1319 3799 nil
1361 3750 1493 3817 pote
1534 3745 1873 3802 Erasmuss·
1897 3744 2031 3800 nihil
2072 3750 2257 3817 potest
2285 3743 2438 3800 LEC

168 3821 312 3881 Vinc.
345 3826 478 3883 nihil
519 3830 726 3900 poterit
759 3828 810 3882 T
819 3852 836 3891 ,-
882 3829 961 3902 cf.
996 3847 1046 3885 v.
1083 3828 1158 3885 18
1333 3828 1477 3884 ultra
1508 3847 1613 3886 om.
1646 3830 1732 3895 R,·
1775 3830 2003 3903 perdere
2031 3828 2173 3884 ultra
2204 3828 2279 3884 nil
2310 3837 2434 3901 pot·

153 3916 228 3961 est
253 3911 526 3969 Pithoeus
701 3912 822 3970 180
867 3907 901 3945 ’¹‘
932 3914 1093 3968 nimia
1134 3916 1263 3971 coll.
1307 3932 1355 3970 v.
1391 3913 1533 3971 278.
1566 3913 1715 3971 392:
1762 3914 1921 3969 animi
1951 3912 2048 3969 Lo
2213 3914 2353 3987 rapit
2388 3914 2435 3975 Β

156 4005 259 4048 sec.
299 4013 541 4069 m..sup.
585 4014 700 4053 scr.
733 3998 850 4053 FC.-
907 4000 1048 4072 sapit
1076 3998 1244 4055 PRB
1445 3998 1562 4061 181
1610 3993 1645 4032 *
1676 3998 1817 4054 sicut
1856 3999 2028 4054 anima
2069 4002 2195 4056 coll.
2240 4017 2288 4055 v.
2322 3998 2432 4057 39:

156 4081 384 4137 unanima
415 4081 527 4153 Lo,
561 4090 623 4139 ut
652 4084 825 4138 anima
859 4084 1022 4157 vulyo
1053 4098 1134 4140 ex
1165 4085 1400 4139 Erasmi
1428 4087 1765 4140 coniectura
1935 4082 2062 4139 abiit
2096 4082 2142 4139 0
2166 4090 2221 4141 et
2250 4084 2432 4141 Eras-

153 4176 292 4219 mus.-
335 4162 445 4223 abit
475 4168 546 4238 F,
575 4166 743 4225 habet
772 4169 938 4225 PRB
1084 4186 1138 4223 n.
1171 4184 1237 4224 eo
1268 4168 1411 4224 redit
1439 4169 1823 4239 Panlkaleon,
1858 4186 1924 4225 eo
1956 4186 2009 4225 n.
2042 4186 2087 4224 r.
2120 4172 2285 4242 vulyo

161 4244 264 4301 182
307 4266 465 4307 nemo
508 4268 637 4324 sup.
670 4269 786 4309 scr.
821 4256 879 4309 in
911 4253 968 4308 B
997 4270 1111 4310 sec.
1142 4252 1214 4309 'm.
1390 4255 1683 4328 numquam
1717 4253 1823 4309 BG
1989 4255 2080 4326 qui
2112 4270 2221 4309 non
2252 4253 2434 4327 perdit

155 4328 215 4400 E,
244 4337 342 4391 sed
365 4338 509 4393 idem
531 4345 666 4408 post
697 4356 746 4394 v.
788 4337 905 4395 193
937 4342 1175 4395 ilerum.-
1235 4337 1418 4395 Fidem
1450 4356 1609 4395 nemo
1640 4339 1841 4413 perdit,
1873 4336 1977 4395 nisi
2010 4340 2101 4409 qui
2131 4353 2239 4394 non
2273 4335 2433 4393 habet
