2917 4950
979 371 1529 431 PROLEGOMENA.
2320 353 2401 416 37

681 466 702 498 ί

283 523 551 589 Saeculo
596 525 962 643 undecimo,
1011 528 1120 613 qui
1167 527 1637 590 sententiarum
1683 525 2007 610 epitomen
2036 522 2401 600 Parisinam

129 626 242 713 (E)
287 627 658 738 descripsit,
705 629 774 692 in
818 627 944 692 fine
990 628 1330 694 subiunxit
1373 628 1567 690 haec·

320 770 489 829 Idem
531 771 666 828 velle
709 775 760 828 et
803 772 956 829 idem
996 773 1144 830 ‘nolle
1188 789 1256 830 ea
1299 772 1531 829 demwm
1570 771 1750 842 firma
1793 770 2055 828 amicitia
2101 773 2197 826 est.

319 870 460 930 Nou
504 875 781 932 exercitus
821 891 1006 954 neque
1048 873 1305 931 thesauri
1337 873 1645 944 praesidia
1687 873 1855 945 requi
1896 875 2051 929 suut.

22 1007 24 1012 '
125 999 282 1064 haud
327 1001 527 1066 dubie
572 1024 656 1066 ex
700 1001 996 1068 Sallustii
1038 1001 1322 1067 Catilina
1350 1003 1436 1066 20
1482 1011 1545 1066 et
1590 1001 1634 1066 J
1636 999 1921 1086 ugurtha
1955 1001 2054 1083 10,
2101 1022 2221 1063 nec
2266 1023 2396 1063 ma-

22 1091 24 1146 ἷ
124 1105 214 1187 gis
273 1102 578 1185 dubium,
645 1106 804 1191 quin
849 1106 1059 1192 prima
1101 1127 1295 1168 manu
1340 1104 1424 1168 ab
1469 1106 1613 1192 ipso
1658 1103 1926 1166 librario
1970 1101 2197 1166 addita
2242 1102 2395 1183 sint,

23 1209 25 1212 ⁴
126 1228 256 1268 cum
297 1205 474 1269 idem
517 1204 628 1269 ille
674 1206 884 1272 codex
930 1207 1260 1271 contineat
1305 1204 1600 1271 Sallustii
1646 1203 1997 1270 Catilinam
2042 1214 2105 1269 et
2151 1203 2194 1268 J
2199 1227 2394 1288 ugur-

122 1305 304 1370 tham.
395 1307 741 1394 Sequentis
787 1307 1062 1391 saeculi,
1121 1308 1525 1391 duodecimi,
1573 1317 1808 1374 testem
1851 1306 2175 1394 proferam
2220 1305 2394 1369 codi-

22 1473 27 1486 ,
123 1431 246 1472 cem
289 1409 709 1492 Bernensem,
757 1411 826 1474 in
857 1433 984 1498 quo
1014 1412 1144 1474 iam
1174 1409 1371 1475 latius
1404 1412 1641 1497 serpsit
1670 1409 1946 1473 malum:
1994 1408 2194 1473 habet
2224 1410 2398 1472 enim

120 1534 234 1574 non
276 1510 484 1575 solum
531 1511 695 1576 duas
741 1514 1096 1577 sententias
1145 1513 1358 1577 codici
1388 1511 1764 1594 Basiliensi,
1808 1520 1881 1575 ut
1925 1511 2117 1625 modo
2148 1511 2395 1574 monui-

118 1635 266 1695 muS,
311 1613 738 1700 adscriptae,
755 1614 873 1679 sed
917 1625 1070 1679 ante
1115 1638 1179 1678 v.
1231 1616 1380 1680 159:
1564 1622 1571 1631 ‘
1818 1609 1829 1636 ‘

189 1755 638 1814 Excusati-ouem
681 1759 896 1816 uilium
940 1776 1240 1830 quaerere,
1286 1759 1386 1816 secl
1428 1759 1693 1830 delinque
1737 1759 1937 1816 omnia
1980 1757 2060 1814 ad
2103 1757 2289 1814 deum.

188 1855 523 1916 Elemosiua
567 1877 689 1916 uou
730 1864 852 1918 lam
896 1861 1307 1933 accipientibus
1339 1861 1577 1934 prodest
1620 1878 1797 1933 qua-m
1840 1859 2136 1926 dantibus,

190 1965 238 2016 et
277 1977 404 2032 spes
436 1962 696 2032 praemii
735 1963 1010 2020 solatium
1048 1964 1117 2034 fit
1160 1961 1393 2030 laboris‘,

22 2061 25 2128 ἶ
119 2087 294 2151 ducta
339 2111 424 2152 ex
449 2073 944 2158 Pseudosenec'a
988 2091 1071 2154 de
1115 2092 1402 2157 moribus
1445 2097 1485 2174 ἓ
1516 2093 1619 2156 80.
1651 2092 1756 2156 55.
1787 2092 1904 2174 56;
1951 2099 2104 2154 ante
2135 2113 2199 2154 v.
2236 2089 2421 2156 1'782·

268 2191 473 2256 Facta
533 2193 819 2276 (emend.
876 2193 1100 2280 Ficta)
1171 2196 1286 2258 cilo
1346 2197 1435 2259 ad
1486 2200 1791 2260 naturam
1845 2215 2031 2258 suam
2086 2195 2387 2273 recidunt,

119 2291 442 2381 desumpta
487 2317 572 2356 ex
617 2293 865 2359 Seneca
910 2294 992 2358 de
1037 2294 1223 2359 clem.
1275 2297 1340 2378 1,
1395 2300 1459 2379 1,
1508 2297 1579 2379 63
1628 2304 1776 2383 post
1822 2317 1885 2357 V.
1932 2295 2054 2358 221
2103 2295 2388 2361 Pseudo-

119 2415 238 2457 sen.
269 2395 350 2459 de
393 2419 554 2460 mor.
587 2397 692 2481 48,
741 2397 1022 2484 denique
1065 2408 1214 2486 post
1258 2421 1320 2466 V.
1353 2398 1479 2463 252
1510 2396 1911 2462 Pseudosen.
1959 2396 2041 2460 de
2085 2421 2246 2462 mor.
2281 2400 2384 2464 68.

81 2496 205 2585 ἱ69.
251 2499 347 2562 72.
395 2500 497 2563 72.
545 2500 646 2563 62.
693 2501 796 2564 63.
843 2500 947 2565 64.
2250 2518 2262 2530 “

268 2600 482 2679 Quam
545 2602 955 2690 interpolatis
1023 2602 1357 2667 codicibus
1423 2626 1579 2667 usus
1654 2603 1741 2667 sit
1807 2603 2065 2665 saeculo
2133 2603 2386 2669 decimo

117 2703 289 2765 tertio
319 2703 662 2769 Vicentius
695 2703 1202 2786 BellovacensiS,
1251 2726 1334 2767 ex
1380 2704 1642 2792 speculo
1689 2704 2038 2770 doctrinali
2084 2706 2236 2770 licet
2281 2730 2383 2771 co-

114 2823 424 2884 gnoscere.
513 2806 826 2891 Legimus
875 2808 1046 2871 enim
1094 2828 1263 2892 spec.
1313 2805 1377 2869 d.
1423 2808 1485 2889 5,
1522 2806 1604 2870 43
1651 2807 1822 2871 inter
1871 2807 2221 2893 proverbia
2266 2810 2381 2873 Sa-

115 2904 384 2987 pientum
431 2906 546 2993 (cf.
593 2931 792 2995 supra
835 2932 945 2995 pg.
991 2910 1072 2973 21
1121 2910 1318 2993 extr.)

713 3049 1074 3111 Consuetudo
1119 3057 1200 3111 est
1242 3052 1425 3111 altera
1468 3057 1705 3121 uatura,

113 3199 258 3261 quae
288 3178 493 3243 verba
521 3202 644 3243 nec
673 3183 1001 3245 senarium
1031 3180 1323 3269 implent,
1371 3204 1492 3245 nec
1522 3181 1795 3247 Publilii
1825 3194 1998 3267 sunt,
2046 3184 2162 3248 sed
2195 3185 2379 3250 Cice-

22 3350 25 3375 Ι
111 3282 267 3345 ronis
313 3282 396 3345 de
441 3282 552 3345 fin.
583 3282 645 3365 5,
678 3283 776 3349 25.
864 3274 1051 3347 Idem
1089 3284 1334 3348 erravit
1365 3284 1591 3348 codice
1623 3285 1933 3372 deceptus
1964 3309 2137 3373 spec.
2172 3287 2378 3351 doctr.
2440 3356 2457 3372 ,

22 3398 26 3461 ξ
110 3381 498 3460 4‚165:Eoe
527 3406 707 3465 prov.
741 3385 893 3467 Sap.
932 3386 1140 3451 Tenue
1183 3388 1581 3452 mendacium
1616 3389 1905 3469 perlucet,
1952 3392 2010 3453 si
2052 3362 2380 3473 diliqeuter

22 3482 25 3547 5
115 3484 450 3565 iuspeaeeriS,
499 3474 562 3549 et
607 3508 777 3572 spec.
827 3482 1035 3552 doc.tr
1081 3490 1144 3571 4,
1191 3488 1306 3553 56:
1355 3488 1465 3577 Ege
1495 3511 1676 3571 prov.
1724 3490 1875 3573 Sap.
1926 3490 2115 3556 Iulus
2160 3495 2379 3573 omnia

113 3585 426 3652 (lessimilia
468 3591 615 3667 siut,
655 3589 838 3669 frons
871 3592 1108 3672 populo
1152 3596 1363 3656 uestro
1408 3594 1751 3671 eouveuial,
1793 3593 2058 3677 ignarus
2092 3594 2375 3659 Senecae

22 3736 24 3781 3
114 3683 208 3748 illa
250 3710 419 3772 esse,
469 3690 659 3776 epist.
709 3690 822 3773 79,
874 3691 952 3755 18
999 3700 1070 3756 et·
1105 3693 1178 3775 5,
1226 3694 1296 3776 2,
1347 3693 1522 3779 quod
1568 3703 1719 3758 ante
1778 3716 1924 3757 eum
1967 3696 2098 3758 iam
2143 3696 2375 3759 Ioanni

22 3796 25 3885 ff
114 3785 570 3871 Saresberiensi
612 3793 941 3857 acciderat
983 3795 1172 3880 epist.
1219 3794 1349 3859 vol.
1395 3794 1488 3858 II.
1534 3818 1643 3882 pg.
1675 3797 1799 3861 257
1848 3796 2153 3861 editionis
2201 3798 2373 3863 Oxo-

22 3898 24 3983 ξ
113 3889 362 3956 niensis:
409 3896 593 3959 inacta
623 3892 944 3977 Sapientis
973 3898 1238 3960 edietum
1271 3897 1533 3980 (dietum
1545 3898 1645 3982 ἓ),
1661 3898 1875 3963 Fraus
1893 3902 2129 3981 populo
2160 3906 2368 3968 uestro

22 3990 24 4023 ⁵
112 3998 424 4073 couveuial,
471 3997 646 4060 iulus
689 3986 905 4061 omnia
950 3998 1287 4063 dissimilia
1328 4000 1471 4062 siut.

259 4095 435 4159 Haec
480 4095 812 4162 sufficiant
857 4096 940 4161 de
983 4099 1188 4162 initiis
1235 4099 1775 4188 interpolationis,
1852 4102 2123 4179 Saeculo
2154 4115 2369 4170 autem

27 4226 32 4233 ·
114 4190 337 4261 decimo
383 4207 612 4285 quarto
660 4221 800 4262 eam
843 4223 974 4265 non
1019 4210 1152 4264 tam
1197 4203 1394 4265 arctis
1440 4202 1681 4267 finibus
1729 4227 1799 4268 se
1846 4208 2243 4270 continuisse
2272 4208 2368 4270 fa-

115 4292 217 4356 cile
246 4297 618 4385 explicatur.
709 4301 1066 4367 Excitabat
1095 4305 1238 4390 ipsa
1269 4306 1736 4370 sententiarum
1766 4308 2102 4393 inscriptio
2147 4308 2366 4373 ‘Sene-

119 4414 214 4457 cae
253 4396 619 4485 proverbia'
666 4402 986 4489 librariOS,
1033 4415 1106 4470 ut
1151 4428 1234 4473 ex
1280 4406 1568 4473 Senecae
1612 4408 1799 4475 libris
1846 4407 1976 4477 alia
2018 4408 2363 4497 adderent5
