2917 4950
746 325 960 373 mma
1004 323 1474 374 PuBmmANAs
1519 325 1907 374 RECEPTAE.
2360 311 2481 377 135

342 480 585 546 Ulcera
626 479 827 544 animi
871 481 1079 565 magis
1126 501 1321 567 quam
1366 480 1656 567 corporis
1701 480 1993 545 sananda
2041 490 2215 546 sunt.

345 581 596 648 Volunt
638 581 934 648 homines
978 583 1075 648 ita
1118 592 1539 671 praeceptum
1583 587 1725 647 eisse
1768 591 1842 648 ut
1886 583 2157 667 vivunt,
2207 605 2340 649 non
2383 584 2480 648 ita

993 685 1225 751 vivere
1269 694 1340 750 ut
1383 693 1807 773 praeceptum
1851 694 1970 754 est.

344 787 683 853 Utendum
728 796 826 853 est
870 787 1152 872 divitiis,
1198 809 1328 853 non
1370 786 1794 853 abutendum.

340 889 437 956 Ut
477 889 751 956 fulmina
779 912 1133 979 paucorum
1161 888 1450 977 periculo
1483 890 1744 975 cadunt,
1790 889 2079 955 omnium
2114 899 2324 975 mem,
2374 893 2476 957 sie

994 993 1596 1059 animadversiones
1648 1014 2032 1078 magnarum
2075 1001 2473 1080 potestatum

994 1104 1244 1161 terrent
1286 1093 1486 1160 latius
1533 1117 1727 1182 quam
1770 1104 2027 1160 nocent.

161 1205 297 1263 390
342 1197 618 1262 Utinam
665 1220 740 1262 ea
784 1198 894 1262 lex
938 1196 1188 1263 homini
1233 1206 1426 1280 esset,
1473 1207 1547 1262 ut
1595 1196 1736 1285 [ira]
1783 1219 1929 1262 cum
1974 1197 2103 1263 telo
2149 1219 2267 1263 suo
2297 1198 2475 1262 fran-

990 1309 1275 1386 geretur,
1318 1322 1440 1366 nee
1469 1301 1730 1389 saepius
1760 1299 1988 1366 liceret
2017 1322 2251 1366 nocere
2280 1323 2472 1388 quam

994 1401 1213 1468 semel.

352 1504 721 1594 Utrumque
764 1505 1004 1572 vitium
1048 1515 1148 1571 est
1190 1505 1354 1570 nulli
1399 1505 1668 1571 eredere
1713 1513 1776 1570 et
1821 1504 2143 1571 omnibus.

396 1719 517 1778 386
566 1719 665 1777 (ἕο.
700 1713 927 1796 ulcera]
963 1721 1101 1776 vitia
1133 1716 1407 1774 Fabricius
1624 1717 1744 1775 387
1795 1717 1891 1774 Go,
2101 1717 2224 1776 388
2274 1719 2372 1775 Go.
2407 1719 2479 1775 De

170 1823 321 1862 mor.
356 1805 436 1862 78
609 1805 730 1862 389
779 1804 879 1862 Go,
916 1805 1039 1861 Seu.
1072 1803 1138 1859 de
1168 1803 1324 1860 clem.
1363 1803 1418 1876 1,
1452 1802 1514 1875 8,
1547 1802 1584 1859 5
1760 1803 1886 1862 390
1931 1804 2030 1860 Go.
2063 1801 2189 1860 Seu.
2219 1804 2287 1859 de
2317 1803 2476 1861 clem.

178 1891 236 1962 1,
275 1890 381 1963 19,
412 1888 452 1945 4
626 1890 744 1948 391
793 1891 864 1946 F.
898 1889 972 1968 De
1004 1905 1139 1946 mor.
1173 1888 1271 1945 77.
1303 1888 1426 1945 Seu.
1463 1889 1620 1963 epist.
1655 1888 1716 1960 3,
1748 1887 1788 1944 4
2417 1939 2422 1942 .
