<?xml version="1.0" encoding="UTF-8"?>
<!DOCTYPE html PUBLIC "-//W3C//DTD XHTML 1.0 Transitional//EN"
    "http://www.w3.org/TR/xhtml1/DTD/xhtml1-transitional.dtd">
<html xmlns="http://www.w3.org/1999/xhtml" xml:lang="en" lang="en">
 <head>
  <title>
</title>
<meta http-equiv="Content-Type" content="text/html;charset=utf-8" />
  <meta name='ocr-system' content='tesseract 3.04.00' />
  <meta name='ocr-capabilities' content='ocr_page ocr_carea ocr_par ocr_line ocrx_word'/>
</head>
<body>
  <div class='ocr_page' id='page_1' title='image "./publiliisyrisen00martgoog_0021.png"; bbox 0 0 2917 4950; ppageno 0'>
   <div class='ocr_carea' id='block_1_1' title="bbox 1083 329 2499 411">
    <p class='ocr_par' dir='ltr' id='par_1_1' title="bbox 1083 329 2499 411">
     <span class='ocr_line' id='line_1_1' title="bbox 1083 329 2499 411; baseline 0.003 -7"><span class='ocrx_word' id='word_1_1' title='bbox 1083 358 1630 411; x_wconf 66' lang='lat' dir='ltr'><strong>Pnonneomssm.</strong></span> <span class='ocrx_word' id='word_1_2' title='bbox 1796 329 1801 337; x_wconf 84' lang='grc'><strong>’</strong></span> <span class='ocrx_word' id='word_1_3' title='bbox 2429 346 2499 408; x_wconf 95' lang='grc'><strong>11</strong></span> 
     </span>
    </p>
   </div>
   <div class='ocr_carea' id='block_1_2' title="bbox 123 501 2513 804">
    <p class='ocr_par' dir='ltr' id='par_1_2' title="bbox 123 501 2513 804">
     <span class='ocr_line' id='line_1_2' title="bbox 123 501 2504 602; baseline 0.003 -26"><span class='ocrx_word' id='word_1_4' title='bbox 123 501 137 512; x_wconf 72' lang='grc'><strong><em>’</em></strong></span> <span class='ocrx_word' id='word_1_5' title='bbox 206 512 383 594; x_wconf 87' lang='lat' dir='ltr'><strong>liret‚</strong></span> <span class='ocrx_word' id='word_1_6' title='bbox 431 511 647 576; x_wconf 89' lang='lat' dir='ltr'><strong>mimis</strong></span> <span class='ocrx_word' id='word_1_7' title='bbox 682 512 1054 578; x_wconf 63' lang='lat' dir='ltr'><strong>inserebat·</strong></span> <span class='ocrx_word' id='word_1_8' title='bbox 1119 512 1373 600; x_wconf 88' lang='lat' dir='ltr'><strong>Itaque,</strong></span> <span class='ocrx_word' id='word_1_9' title='bbox 1423 515 1535 600; x_wconf 92' lang='lat' dir='ltr'><strong>qui</strong></span> <span class='ocrx_word' id='word_1_10' title='bbox 1566 514 1827 580; x_wconf 91' lang='lat' dir='ltr'><strong>domum</strong></span> <span class='ocrx_word' id='word_1_11' title='bbox 1856 514 2105 602; x_wconf 90' lang='lat' dir='ltr'><strong>aliquid</strong></span> <span class='ocrx_word' id='word_1_12' title='bbox 2137 537 2221 580; x_wconf 85' lang='lat' dir='ltr'><strong>ex</strong></span> <span class='ocrx_word' id='word_1_13' title='bbox 2250 516 2504 582; x_wconf 87' lang='lat' dir='ltr'><strong>theatro</strong></span> 
     </span>
     <span class='ocr_line' id='line_1_3' title="bbox 205 613 2504 703; baseline 0.002 -23"><span class='ocrx_word' id='word_1_14' title='bbox 205 616 456 680; x_wconf 87' lang='lat' dir='ltr'><strong>referre</strong></span> <span class='ocrx_word' id='word_1_15' title='bbox 500 614 730 697; x_wconf 87' lang='lat' dir='ltr'><strong>vellet,</strong></span> <span class='ocrx_word' id='word_1_16' title='bbox 791 615 1105 698; x_wconf 85' lang='lat' dir='ltr'><strong>habebat,</strong></span> <span class='ocrx_word' id='word_1_17' title='bbox 1164 616 1338 702; x_wconf 91' lang='lat' dir='ltr'><strong>quod</strong></span> <span class='ocrx_word' id='word_1_18' title='bbox 1385 626 1651 703; x_wconf 90' lang='lat' dir='ltr'><strong>propter</strong></span> <span class='ocrx_word' id='word_1_19' title='bbox 1694 613 1962 681; x_wconf 76' lang='lat' dir='ltr'><strong>brevem</strong></span> <span class='ocrx_word' id='word_1_20' title='bbox 2005 619 2323 685; x_wconf 88' lang='lat' dir='ltr'><strong>ambitum</strong></span> <span class='ocrx_word' id='word_1_21' title='bbox 2369 642 2504 684; x_wconf 90' lang='lat' dir='ltr'><strong>cer-</strong></span> 
     </span>
     <span class='ocr_line' id='line_1_4' title="bbox 204 717 2513 804; baseline 0.003 -22"><span class='ocrx_word' id='word_1_22' title='bbox 204 729 442 804; x_wconf 85' lang='lat' dir='ltr'><strong>tosque</strong></span> <span class='ocrx_word' id='word_1_23' title='bbox 486 718 850 782; x_wconf 86' lang='lat' dir='ltr'><strong>iamborum</strong></span> <span class='ocrx_word' id='word_1_24' title='bbox 894 717 1429 783; x_wconf 88' lang='lat' dir='ltr'><strong>trochaeorumve</strong></span> <span class='ocrx_word' id='word_1_25' title='bbox 1469 720 1637 784; x_wconf 89' lang='lat' dir='ltr'><strong>ictus</strong></span> <span class='ocrx_word' id='word_1_26' title='bbox 1668 720 1937 785; x_wconf 86' lang='lat' dir='ltr'><strong>auribus</strong></span> <span class='ocrx_word' id='word_1_27' title='bbox 1969 719 2163 785; x_wconf 85' lang='lat' dir='ltr'><strong>facile</strong></span> <span class='ocrx_word' id='word_1_28' title='bbox 2192 722 2513 788; x_wconf 89' lang='lat' dir='ltr'><strong>insideret·</strong></span> 
     </span>
    </p>
   </div>
   <div class='ocr_carea' id='block_1_3' title="bbox 205 818 2613 910">
    <p class='ocr_par' dir='ltr' id='par_1_3' title="bbox 205 818 2613 910">
     <span class='ocr_line' id='line_1_5' title="bbox 205 818 2613 910; baseline 0.002 -26"><span class='ocrx_word' id='word_1_29' title='bbox 205 821 559 907; x_wconf 85' lang='lat' dir='ltr'><strong>animoque</strong></span> <span class='ocrx_word' id='word_1_30' title='bbox 621 818 1018 907; x_wconf 91' lang='lat' dir='ltr'><strong>insculptum</strong></span> <span class='ocrx_word' id='word_1_31' title='bbox 1081 831 1395 886; x_wconf 90' lang='lat' dir='ltr'><strong>maneret.</strong></span> <span class='ocrx_word' id='word_1_32' title='bbox 1482 821 1576 886; x_wconf 89' lang='lat' dir='ltr'><strong>Iis</strong></span> <span class='ocrx_word' id='word_1_33' title='bbox 1634 823 1975 886; x_wconf 82' lang='lat' dir='ltr'><strong>sententiis</strong></span> <span class='ocrx_word' id='word_1_34' title='bbox 2033 823 2161 886; x_wconf 89' lang='lat' dir='ltr'><strong>iam</strong></span> <span class='ocrx_word' id='word_1_35' title='bbox 2217 824 2505 910; x_wconf 80' lang='lat' dir='ltr'><strong>Augusti</strong></span> <span class='ocrx_word' id='word_1_36' title='bbox 2600 857 2613 870; x_wconf 82' lang='lat'><strong>·</strong></span> 
     </span>
    </p>
   </div>
   <div class='ocr_carea' id='block_1_4' title="bbox 199 922 2539 2132">
    <p class='ocr_par' dir='ltr' id='par_1_4' title="bbox 199 922 2539 2132">
     <span class='ocr_line' id='line_1_6' title="bbox 206 922 2505 1011; baseline 0.001 -22"><span class='ocrx_word' id='word_1_37' title='bbox 206 922 612 1011; x_wconf 76' lang='lat' dir='ltr'><strong>temporibus</strong></span> <span class='ocrx_word' id='word_1_38' title='bbox 657 932 874 987; x_wconf 88' lang='lat' dir='ltr'><strong>tantus</strong></span> <span class='ocrx_word' id='word_1_39' title='bbox 922 923 990 987; x_wconf 90' lang='lat' dir='ltr'><strong>in</strong></span> <span class='ocrx_word' id='word_1_40' title='bbox 1033 923 1364 989; x_wconf 80' lang='lat' dir='ltr'><strong>rhetorum</strong></span> <span class='ocrx_word' id='word_1_41' title='bbox 1409 923 1648 990; x_wconf 88' lang='lat' dir='ltr'><strong>scholis</strong></span> <span class='ocrx_word' id='word_1_42' title='bbox 1695 924 1957 988; x_wconf 89' lang='lat' dir='ltr'><strong>habitus</strong></span> <span class='ocrx_word' id='word_1_43' title='bbox 2006 935 2104 989; x_wconf 88' lang='lat' dir='ltr'><strong>est</strong></span> <span class='ocrx_word' id='word_1_44' title='bbox 2148 926 2387 1010; x_wconf 87' lang='lat' dir='ltr'><strong>honor,</strong></span> <span class='ocrx_word' id='word_1_45' title='bbox 2433 938 2505 992; x_wconf 93' lang='lat' dir='ltr'><strong>ut</strong></span> 
     </span>
     <span class='ocr_line' id='line_1_7' title="bbox 207 1024 2505 1113; baseline 0.001 -23"><span class='ocrx_word' id='word_1_46' title='bbox 207 1024 556 1112; x_wconf 83' lang='lat' dir='ltr'><strong>discipulis</strong></span> <span class='ocrx_word' id='word_1_47' title='bbox 603 1025 902 1111; x_wconf 74' lang='lat' dir='ltr'><strong>exeinplo</strong></span> <span class='ocrx_word' id='word_1_48' title='bbox 947 1027 1565 1113; x_wconf 69' lang='lat' dir='ltr'><strong>proponerentur*),</strong></span> <span class='ocrx_word' id='word_1_49' title='bbox 1610 1036 1922 1112; x_wconf 86' lang='lat' dir='ltr'><strong>tantaque</strong></span> <span class='ocrx_word' id='word_1_50' title='bbox 1965 1048 2186 1091; x_wconf 80' lang='lat' dir='ltr'><strong>earum</strong></span> <span class='ocrx_word' id='word_1_51' title='bbox 2232 1028 2359 1095; x_wconf 88' lang='lat' dir='ltr'><strong>fuit</strong></span> <span class='ocrx_word' id='word_1_52' title='bbox 2393 1029 2505 1093; x_wconf 92' lang='lat' dir='ltr'><strong>ad-</strong></span> 
     </span>
     <span class='ocr_line' id='line_1_8' title="bbox 207 1127 2539 1211; baseline 0.001 -16"><span class='ocrx_word' id='word_1_53' title='bbox 207 1131 470 1195; x_wconf 85' lang='lat' dir='ltr'><strong>miratio</strong></span> <span class='ocrx_word' id='word_1_54' title='bbox 514 1129 688 1193; x_wconf 90' lang='lat' dir='ltr'><strong>inter</strong></span> <span class='ocrx_word' id='word_1_55' title='bbox 727 1127 1286 1211; x_wconf 75' lang='lat' dir='ltr'><strong>adulescentuIOS,</strong></span> <span class='ocrx_word' id='word_1_56' title='bbox 1331 1138 1404 1193; x_wconf 91' lang='lat' dir='ltr'><strong>ut</strong></span> <span class='ocrx_word' id='word_1_57' title='bbox 1447 1128 1799 1194; x_wconf 87' lang='lat' dir='ltr'><strong>verborum</strong></span> <span class='ocrx_word' id='word_1_58' title='bbox 1842 1127 2097 1193; x_wconf 89' lang='lat' dir='ltr'><strong>aculeos</strong></span> <span class='ocrx_word' id='word_1_59' title='bbox 2145 1140 2209 1195; x_wconf 92' lang='lat' dir='ltr'><strong>et</strong></span> <span class='ocrx_word' id='word_1_60' title='bbox 2250 1135 2539 1206; x_wconf 73' lang='lat' dir='ltr'><strong>mucro-&#39;</strong></span> 
     </span>
     <span class='ocr_line' id='line_1_9' title="bbox 203 1229 2503 1317; baseline 0 -20"><span class='ocrx_word' id='word_1_61' title='bbox 203 1256 360 1316; x_wconf 86' lang='lat' dir='ltr'><strong>nes,</strong></span> <span class='ocrx_word' id='word_1_62' title='bbox 405 1231 759 1312; x_wconf 84' lang='lat' dir='ltr'><strong>antitheta,</strong></span> <span class='ocrx_word' id='word_1_63' title='bbox 805 1229 1266 1294; x_wconf 82' lang='lat' dir='ltr'><strong>translationes</strong></span> <span class='ocrx_word' id='word_1_64' title='bbox 1313 1231 1660 1317; x_wconf 85' lang='lat' dir='ltr'><strong>variosque</strong></span> <span class='ocrx_word' id='word_1_65' title='bbox 1704 1229 1951 1296; x_wconf 89' lang='lat' dir='ltr'><strong>colores</strong></span> <span class='ocrx_word' id='word_1_66' title='bbox 1998 1231 2235 1297; x_wconf 89' lang='lat' dir='ltr'><strong>imitati</strong></span> <span class='ocrx_word' id='word_1_67' title='bbox 2277 1233 2362 1297; x_wconf 89' lang='lat' dir='ltr'><strong>ad</strong></span> <span class='ocrx_word' id='word_1_68' title='bbox 2406 1235 2503 1299; x_wconf 91' lang='lat' dir='ltr'><strong>in-</strong></span> 
     </span>
     <span class='ocr_line' id='line_1_10' title="bbox 206 1331 2503 1419; baseline 0 -19"><span class='ocrx_word' id='word_1_69' title='bbox 206 1335 461 1400; x_wconf 89' lang='lat' dir='ltr'><strong>saniam</strong></span> <span class='ocrx_word' id='word_1_70' title='bbox 525 1355 732 1419; x_wconf 89' lang='lat' dir='ltr'><strong>usque</strong></span> <span class='ocrx_word' id='word_1_71' title='bbox 787 1331 1267 1419; x_wconf 88' lang='lat' dir='ltr'><strong>detorquerent.</strong></span> <span class='ocrx_word' id='word_1_72' title='bbox 1356 1332 1575 1396; x_wconf 88' lang='lat' dir='ltr'><strong>Huius</strong></span> <span class='ocrx_word' id='word_1_73' title='bbox 1630 1333 2009 1398; x_wconf 85' lang='lat' dir='ltr'><strong>sententiosi</strong></span> <span class='ocrx_word' id='word_1_74' title='bbox 2065 1337 2325 1419; x_wconf 84' lang='lat' dir='ltr'><strong>generis</strong></span> <span class='ocrx_word' id='word_1_75' title='bbox 2382 1345 2503 1418; x_wconf 83' lang='lat' dir='ltr'><strong>est,</strong></span> 
     </span>
     <span class='ocr_line' id='line_1_11' title="bbox 199 1432 2502 1525; baseline 0 -24"><span class='ocrx_word' id='word_1_76' title='bbox 199 1435 519 1525; x_wconf 84' lang='lat' dir='ltr'><strong>quicquid</strong></span> <span class='ocrx_word' id='word_1_77' title='bbox 564 1435 703 1499; x_wconf 89' lang='lat' dir='ltr'><strong>fere</strong></span> <span class='ocrx_word' id='word_1_78' title='bbox 747 1441 1056 1498; x_wconf 81' lang='lat' dir='ltr'><strong>versuum</strong></span> <span class='ocrx_word' id='word_1_79' title='bbox 1098 1432 1621 1498; x_wconf 90' lang='lat' dir='ltr'><strong>Publilianorum</strong></span> <span class='ocrx_word' id='word_1_80' title='bbox 1666 1456 1705 1497; x_wconf 97' lang='lat' dir='ltr'><strong>a</strong></span> <span class='ocrx_word' id='word_1_81' title='bbox 1760 1433 2087 1500; x_wconf 90' lang='lat' dir='ltr'><strong>Senecis</strong></span> <span class='ocrx_word' id='word_1_82' title='bbox 2147 1446 2375 1524; x_wconf 86' lang='lat' dir='ltr'><strong>patre</strong></span> <span class='ocrx_word' id='word_1_83' title='bbox 2424 1447 2502 1502; x_wconf 85' lang='lat' dir='ltr'><strong>et</strong></span> 
     </span>
     <span class='ocr_line' id='line_1_12' title="bbox 206 1535 2499 1626; baseline 0 -22"><span class='ocrx_word' id='word_1_84' title='bbox 206 1538 396 1604; x_wconf 88' lang='lat' dir='ltr'><strong>filio</strong></span> <span class='ocrx_word' id='word_1_85' title='bbox 437 1537 724 1618; x_wconf 86' lang='lat' dir='ltr'><strong>affertur,</strong></span> <span class='ocrx_word' id='word_1_86' title='bbox 770 1535 888 1599; x_wconf 91' lang='lat' dir='ltr'><strong>sed</strong></span> <span class='ocrx_word' id='word_1_87' title='bbox 933 1537 1328 1620; x_wconf 82' lang='lat' dir='ltr'><strong>memoriter,</strong></span> <span class='ocrx_word' id='word_1_88' title='bbox 1375 1537 1551 1622; x_wconf 89' lang='lat' dir='ltr'><strong>quod</strong></span> <span class='ocrx_word' id='word_1_89' title='bbox 1581 1558 1667 1600; x_wconf 86' lang='lat' dir='ltr'><strong>ex</strong></span> <span class='ocrx_word' id='word_1_90' title='bbox 1697 1537 1847 1602; x_wconf 88' lang='lat' dir='ltr'><strong>Sen.</strong></span> <span class='ocrx_word' id='word_1_91' title='bbox 1880 1547 2175 1603; x_wconf 87' lang='lat' dir='ltr'><strong>controv.</strong></span> <span class='ocrx_word' id='word_1_92' title='bbox 2208 1562 2317 1626; x_wconf 86' lang='lat' dir='ltr'><strong>pg.</strong></span> <span class='ocrx_word' id='word_1_93' title='bbox 2350 1541 2499 1622; x_wconf 83' lang='lat'><strong>206,</strong></span> 
     </span>
     <span class='ocr_line' id='line_1_13' title="bbox 206 1637 2501 1728; baseline -0 -22"><span class='ocrx_word' id='word_1_94' title='bbox 206 1645 251 1706; x_wconf 90' lang='lat'>4</span> <span class='ocrx_word' id='word_1_95' title='bbox 298 1664 394 1727; x_wconf 87' lang='lat' dir='ltr'><strong>sq.</strong></span> <span class='ocrx_word' id='word_1_96' title='bbox 441 1639 630 1703; x_wconf 79' lang='lat' dir='ltr'><strong>Burs,</strong></span> <span class='ocrx_word' id='word_1_97' title='bbox 678 1639 1094 1726; x_wconf 89' lang='lat' dir='ltr'><strong>perspicuum</strong></span> <span class='ocrx_word' id='word_1_98' title='bbox 1141 1647 1260 1702; x_wconf 87' lang='lat' dir='ltr'><strong>est.</strong></span> <span class='ocrx_word' id='word_1_99' title='bbox 1351 1637 1607 1703; x_wconf 86' lang='lat' dir='ltr'><strong>Pariter</strong></span> <span class='ocrx_word' id='word_1_100' title='bbox 1652 1638 1965 1703; x_wconf 82' lang='lat' dir='ltr'><strong>Senecam</strong></span> <span class='ocrx_word' id='word_1_101' title='bbox 2021 1637 2501 1728; x_wconf 85' lang='lat' dir='ltr'><strong>philosophum,</strong></span> 
     </span>
     <span class='ocr_line' id='line_1_14' title="bbox 209 1738 2503 1832; baseline 0 -26"><span class='ocrx_word' id='word_1_102' title='bbox 209 1766 406 1832; x_wconf 80' lang='lat' dir='ltr'><strong>quos·</strong></span> <span class='ocrx_word' id='word_1_103' title='bbox 433 1740 727 1805; x_wconf 88' lang='lat' dir='ltr'><strong>laudavit</strong></span> <span class='ocrx_word' id='word_1_104' title='bbox 779 1738 1140 1804; x_wconf 86' lang='lat' dir='ltr'><strong>versiculos</strong></span> <span class='ocrx_word' id='word_1_105' title='bbox 1195 1763 1324 1806; x_wconf 91' lang='lat' dir='ltr'><strong>non</strong></span> <span class='ocrx_word' id='word_1_106' title='bbox 1380 1762 1464 1804; x_wconf 86' lang='lat' dir='ltr'><strong>ex</strong></span> <span class='ocrx_word' id='word_1_107' title='bbox 1518 1740 1707 1805; x_wconf 92' lang='lat' dir='ltr'><strong>libris</strong></span> <span class='ocrx_word' id='word_1_108' title='bbox 1746 1740 2215 1828; x_wconf 80' lang='lat' dir='ltr'><strong>descripsisse,</strong></span> <span class='ocrx_word' id='word_1_109' title='bbox 2274 1743 2390 1807; x_wconf 90' lang='lat' dir='ltr'><strong>sed</strong></span> <span class='ocrx_word' id='word_1_110' title='bbox 2436 1745 2503 1807; x_wconf 92' lang='lat' dir='ltr'><strong>in</strong></span> 
     </span>
     <span class='ocr_line' id='line_1_15' title="bbox 203 1841 2501 1930; baseline 0 -20"><span class='ocrx_word' id='word_1_111' title='bbox 203 1846 463 1910; x_wconf 85' lang='lat' dir='ltr'><strong>theatro</strong></span> <span class='ocrx_word' id='word_1_112' title='bbox 507 1841 842 1907; x_wconf 88' lang='lat' dir='ltr'><strong>audivisse</strong></span> <span class='ocrx_word' id='word_1_113' title='bbox 885 1843 1091 1929; x_wconf 88' lang='lat' dir='ltr'><strong>ipsius</strong></span> <span class='ocrx_word' id='word_1_114' title='bbox 1137 1842 1342 1906; x_wconf 87' lang='lat' dir='ltr'><strong>verba</strong></span> <span class='ocrx_word' id='word_1_115' title='bbox 1383 1851 1608 1928; x_wconf 86' lang='lat' dir='ltr'><strong>aperte</strong></span> <span class='ocrx_word' id='word_1_116' title='bbox 1652 1843 1958 1930; x_wconf 85' lang='lat' dir='ltr'><strong>produnt,</strong></span> <span class='ocrx_word' id='word_1_117' title='bbox 2006 1845 2195 1930; x_wconf 88' lang='lat' dir='ltr'><strong>epist.</strong></span> <span class='ocrx_word' id='word_1_118' title='bbox 2250 1845 2393 1928; x_wconf 89' lang='grc'>108,</span> <span class='ocrx_word' id='word_1_119' title='bbox 2439 1847 2501 1910; x_wconf 87' lang='lat'><strong>8.</strong></span> 
     </span>
     <span class='ocr_line' id='line_1_16' title="bbox 206 1945 2503 2029; baseline 0 -17"><span class='ocrx_word' id='word_1_120' title='bbox 206 1949 280 2012; x_wconf 84' lang='lat'><strong>9:</strong></span> <span class='ocrx_word' id='word_1_121' title='bbox 347 1945 576 2015; x_wconf 86' lang='lat' dir='ltr'><strong>Nonne</strong></span> <span class='ocrx_word' id='word_1_122' title='bbox 629 1947 825 2023; x_wconf 81' lang='lat' dir='ltr'><strong>vide8‚</strong></span> <span class='ocrx_word' id='word_1_123' title='bbox 894 1947 1414 2027; x_wconf 73' lang='lat' dir='ltr'><strong>quemadmodum</strong></span> <span class='ocrx_word' id='word_1_124' title='bbox 1480 1945 1727 2010; x_wconf 78' lang='lat' dir='ltr'><strong>theatra</strong></span> <span class='ocrx_word' id='word_1_125' title='bbox 1792 1951 2151 2025; x_wconf 75' lang='lat' dir='ltr'><strong>consonent,</strong></span> <span class='ocrx_word' id='word_1_126' title='bbox 2222 1950 2503 2029; x_wconf 87' lang='lat' dir='ltr'><strong>quotiens</strong></span> 
     </span>
     <span class='ocr_line' id='line_1_17' title="bbox 203 2048 2493 2132; baseline 0 -17"><span class='ocrx_word' id='word_1_127' title='bbox 203 2052 432 2132; x_wconf 83' lang='lat' dir='ltr'><strong>aliqua</strong></span> <span class='ocrx_word' id='word_1_128' title='bbox 485 2051 653 2113; x_wconf 87' lang='lat' dir='ltr'><strong>dieta</strong></span> <span class='ocrx_word' id='word_1_129' title='bbox 703 2053 877 2127; x_wconf 79' lang='lat' dir='ltr'><strong>sunt,</strong></span> <span class='ocrx_word' id='word_1_130' title='bbox 945 2068 1106 2128; x_wconf 88' lang='lat' dir='ltr'><strong>quae</strong></span> <span class='ocrx_word' id='word_1_131' title='bbox 1155 2048 1403 2129; x_wconf 80' lang='lat' dir='ltr'><strong>publice</strong></span> <span class='ocrx_word' id='word_1_132' title='bbox 1459 2049 1857 2130; x_wconf 79' lang='lat' dir='ltr'><strong>aquoseimus</strong></span> <span class='ocrx_word' id='word_1_133' title='bbox 1900 2053 1957 2113; x_wconf 89' lang='lat' dir='ltr'><strong>et</strong></span> <span class='ocrx_word' id='word_1_134' title='bbox 1998 2069 2299 2114; x_wconf 81' lang='lat' dir='ltr'><strong>consensu</strong></span> <span class='ocrx_word' id='word_1_135' title='bbox 2340 2072 2493 2115; x_wconf 80' lang='lat' dir='ltr'><strong>vera</strong></span> 
     </span>
    </p>
   </div>
   <div class='ocr_carea' id='block_1_5' title="bbox 204 2151 2013 2339">
    <p class='ocr_par' dir='ltr' id='par_1_5' title="bbox 204 2151 2013 2339">
     <span class='ocr_line' id='line_1_18' title="bbox 204 2151 730 2219; baseline -0.01 0"><span class='ocrx_word' id='word_1_136' title='bbox 204 2174 337 2219; x_wconf 82' lang='lat' dir='ltr'><strong>esse</strong></span> <span class='ocrx_word' id='word_1_137' title='bbox 380 2157 681 2217; x_wconf 76' lang='lat' dir='ltr'><strong>testamur</strong></span> <span class='ocrx_word' id='word_1_138' title='bbox 695 2151 730 2214; x_wconf 67' lang='grc' dir='ltr'><em>ἓ</em></span> 
     </span>
     <span class='ocr_line' id='line_1_19' title="bbox 658 2267 2013 2339; baseline 0.001 -14"><span class='ocrx_word' id='word_1_139' title='bbox 658 2267 890 2326; x_wconf 84' lang='lat' dir='ltr'><strong>Desunt</strong></span> <span class='ocrx_word' id='word_1_140' title='bbox 930 2267 1163 2339; x_wconf 77' lang='lat' dir='ltr'><strong>inopiae</strong></span> <span class='ocrx_word' id='word_1_141' title='bbox 1204 2267 1390 2325; x_wconf 83' lang='lat' dir='ltr'><strong>multa</strong></span> <span class='ocrx_word' id='word_1_142' title='bbox 1404 2311 1421 2334; x_wconf 89' lang='lat'><em>‚</em></span> <span class='ocrx_word' id='word_1_143' title='bbox 1468 2268 1755 2326; x_wconf 82' lang='lat' dir='ltr'><strong>avaritiae</strong></span> <span class='ocrx_word' id='word_1_144' title='bbox 1798 2270 2013 2326; x_wconf 84' lang='lat' dir='ltr'><strong>omnia.</strong></span> 
     </span>
    </p>
   </div>
   <div class='ocr_carea' id='block_1_6' title="bbox 202 2379 2500 2633">
    <p class='ocr_par' dir='ltr' id='par_1_6' title="bbox 202 2379 2500 2633">
     <span class='ocr_line' id='line_1_20' title="bbox 202 2379 2500 2488; baseline -0.001 -24"><span class='ocrx_word' id='word_1_145' title='bbox 202 2401 372 2465; x_wconf 87' lang='lat' dir='ltr'><strong>ibid.</strong></span> <span class='ocrx_word' id='word_1_146' title='bbox 397 2405 435 2482; x_wconf 66' lang='grc' dir='ltr'>ἓ</span> <span class='ocrx_word' id='word_1_147' title='bbox 468 2400 572 2462; x_wconf 78' lang='lat'><strong>12:</strong></span> <span class='ocrx_word' id='word_1_148' title='bbox 626 2397 784 2464; x_wconf 74' lang='lat' dir='ltr'><strong>Oum</strong></span> <span class='ocrx_word' id='word_1_149' title='bbox 813 2398 963 2462; x_wconf 78' lang='lat' dir='ltr'><strong>haee</strong></span> <span class='ocrx_word' id='word_1_150' title='bbox 993 2402 1178 2479; x_wconf 86' lang='lat' dir='ltr'><strong>atque</strong></span> <span class='ocrx_word' id='word_1_151' title='bbox 1206 2397 1511 2462; x_wconf 87' lang='lat' dir='ltr'><strong>eiusmodi</strong></span> <span class='ocrx_word' id='word_1_152' title='bbox 1540 2399 1839 2463; x_wconf 78' lang='lat' dir='ltr'><strong>audimus</strong></span> <span class='ocrx_word' id='word_1_153' title='bbox 1862 2403 1965 2483; x_wconf 80' lang='lat' dir='ltr'><strong>ete.</strong></span> <span class='ocrx_word' id='word_1_154' title='bbox 1989 2392 1994 2397; x_wconf 69' lang='grc'><em>’</em></span> <span class='ocrx_word' id='word_1_155' title='bbox 2015 2379 2227 2488; x_wconf 70' lang='lat' dir='ltr'><strong>Epist.</strong></span> <span class='ocrx_word' id='word_1_156' title='bbox 2256 2401 2359 2483; x_wconf 87' lang='lat'><strong>94,</strong></span> <span class='ocrx_word' id='word_1_157' title='bbox 2384 2401 2500 2466; x_wconf 89' lang='lat'><strong>43:</strong></span> 
     </span>
     <span class='ocr_line' id='line_1_21' title="bbox 315 2498 1949 2633; baseline 0.002 -35"><span class='ocrx_word' id='word_1_158' title='bbox 315 2498 326 2520; x_wconf 43' lang='lat'>⁸</span> <span class='ocrx_word' id='word_1_159' title='bbox 703 2539 798 2599; x_wconf 86' lang='lat' dir='ltr'><strong>Ab</strong></span> <span class='ocrx_word' id='word_1_160' title='bbox 843 2541 958 2633; x_wconf 76' lang='lat' dir='ltr'><strong>alio</strong></span> <span class='ocrx_word' id='word_1_161' title='bbox 1001 2544 1249 2614; x_wconf 77' lang='lat' dir='ltr'><strong>expectes</strong></span> <span class='ocrx_word' id='word_1_162' title='bbox 1262 2586 1278 2608; x_wconf 91' lang='lat'><em>,</em></span> <span class='ocrx_word' id='word_1_163' title='bbox 1324 2540 1494 2600; x_wconf 77' lang='lat' dir='ltr'><strong>alteri</strong></span> <span class='ocrx_word' id='word_1_164' title='bbox 1537 2542 1690 2614; x_wconf 89' lang='lat' dir='ltr'><strong>quod</strong></span> <span class='ocrx_word' id='word_1_165' title='bbox 1729 2541 1949 2613; x_wconf 78' lang='lat' dir='ltr'><strong>feceris.</strong></span> 
     </span>
    </p>
   </div>
   <div class='ocr_carea' id='block_1_7' title="bbox 205 2668 2505 2841">
    <p class='ocr_par' dir='ltr' id='par_1_7' title="bbox 205 2668 2505 2841">
     <span class='ocr_line' id='line_1_22' title="bbox 205 2668 2505 2759; baseline -0.001 -20"><span class='ocrx_word' id='word_1_166' title='bbox 205 2674 392 2739; x_wconf 82' lang='lat' dir='ltr'><strong>Haec</strong></span> <span class='ocrx_word' id='word_1_167' title='bbox 451 2694 591 2737; x_wconf 73' lang='lat' dir='ltr'><strong>eum</strong></span> <span class='ocrx_word' id='word_1_168' title='bbox 644 2675 772 2737; x_wconf 87' lang='lat' dir='ltr'><strong>ietu</strong></span> <span class='ocrx_word' id='word_1_169' title='bbox 838 2672 1112 2753; x_wconf 91' lang='lat' dir='ltr'><strong>quodam</strong></span> <span class='ocrx_word' id='word_1_170' title='bbox 1166 2672 1465 2735; x_wconf 80' lang='lat' dir='ltr'><strong>audimus</strong></span> <span class='ocrx_word' id='word_1_171' title='bbox 1518 2675 1621 2735; x_wconf 87' lang='lat' dir='ltr'><strong>ete.</strong></span> <span class='ocrx_word' id='word_1_172' title='bbox 1716 2668 1947 2750; x_wconf 77' lang='lat' dir='ltr'><strong>Quid?</strong></span> <span class='ocrx_word' id='word_1_173' title='bbox 2016 2673 2190 2759; x_wconf 89' lang='lat' dir='ltr'><strong>quod</strong></span> <span class='ocrx_word' id='word_1_174' title='bbox 2256 2673 2505 2739; x_wconf 86' lang='lat' dir='ltr'><strong>Seneca</strong></span> 
     </span>
     <span class='ocr_line' id='line_1_23' title="bbox 205 2771 2389 2841; baseline -0.004 -1"><span class='ocrx_word' id='word_1_175' title='bbox 205 2776 435 2841; x_wconf 90' lang='lat' dir='ltr'><strong>rhetor</strong></span> <span class='ocrx_word' id='word_1_176' title='bbox 477 2784 549 2839; x_wconf 94' lang='lat' dir='ltr'><strong>ut</strong></span> <span class='ocrx_word' id='word_1_177' title='bbox 594 2772 866 2838; x_wconf 89' lang='lat' dir='ltr'><strong>Publilii</strong></span> <span class='ocrx_word' id='word_1_178' title='bbox 912 2773 1300 2839; x_wconf 89' lang='lat' dir='ltr'><strong>sententiam</strong></span> <span class='ocrx_word' id='word_1_179' title='bbox 1344 2772 1513 2836; x_wconf 90' lang='lat' dir='ltr'><strong>hanc</strong></span> <span class='ocrx_word' id='word_1_180' title='bbox 1556 2771 1811 2837; x_wconf 88' lang='lat' dir='ltr'><strong>attulit:</strong></span> <span class='ocrx_word' id='word_1_181' title='bbox 2382 2790 2389 2796; x_wconf 90' lang='lat'>·</span> 
     </span>
    </p>
   </div>
   <div class='ocr_carea' id='block_1_8' title="bbox 662 2893 2055 2984">
    <p class='ocr_par' dir='ltr' id='par_1_8' title="bbox 662 2893 2055 2984">
     <span class='ocr_line' id='line_1_24' title="bbox 662 2893 2055 2984; baseline -0.001 -9"><span class='ocrx_word' id='word_1_182' title='bbox 662 2916 895 2975; x_wconf 86' lang='lat' dir='ltr'><strong>Desunt</strong></span> <span class='ocrx_word' id='word_1_183' title='bbox 937 2893 1206 2975; x_wconf 52' lang='lat' dir='ltr'><strong>l&#39;uoeuriae</strong></span> <span class='ocrx_word' id='word_1_184' title='bbox 1248 2917 1463 2983; x_wconf 82' lang='lat' dir='ltr'><strong>multa,</strong></span> <span class='ocrx_word' id='word_1_185' title='bbox 1509 2916 1793 2974; x_wconf 81' lang='lat' dir='ltr'><strong>avaritiae</strong></span> <span class='ocrx_word' id='word_1_186' title='bbox 1836 2917 2055 2984; x_wconf 87' lang='lat' dir='ltr'><strong>omnia,</strong></span> 
     </span>
    </p>
   </div>
   <div class='ocr_carea' id='block_1_9' title="bbox 205 3044 2246 3267">
    <p class='ocr_par' dir='ltr' id='par_1_9' title="bbox 205 3044 2246 3267">
     <span class='ocr_line' id='line_1_25' title="bbox 205 3044 2246 3137; baseline -0.001 -26"><span class='ocrx_word' id='word_1_187' title='bbox 205 3049 326 3137; x_wconf 85' lang='lat' dir='ltr'><strong>qui</strong></span> <span class='ocrx_word' id='word_1_188' title='bbox 369 3048 543 3111; x_wconf 86' lang='lat' dir='ltr'><strong>idem</strong></span> <span class='ocrx_word' id='word_1_189' title='bbox 588 3068 818 3110; x_wconf 88' lang='lat' dir='ltr'><strong>versus</strong></span> <span class='ocrx_word' id='word_1_190' title='bbox 863 3046 931 3109; x_wconf 91' lang='lat' dir='ltr'><strong>in</strong></span> <span class='ocrx_word' id='word_1_191' title='bbox 975 3046 1217 3110; x_wconf 89' lang='lat' dir='ltr'><strong>nostris</strong></span> <span class='ocrx_word' id='word_1_192' title='bbox 1263 3044 1600 3111; x_wconf 86' lang='lat' dir='ltr'><strong>codicibus</strong></span> <span class='ocrx_word' id='word_1_193' title='bbox 1647 3044 1741 3108; x_wconf 94' lang='lat' dir='ltr'><strong>sic</strong></span> <span class='ocrx_word' id='word_1_194' title='bbox 1784 3045 2065 3109; x_wconf 86' lang='lat' dir='ltr'><strong>traditus</strong></span> <span class='ocrx_word' id='word_1_195' title='bbox 2112 3056 2246 3112; x_wconf 88' lang='lat' dir='ltr'><strong>est:</strong></span> 
     </span>
     <span class='ocr_line' id='line_1_26' title="bbox 421 3177 2228 3267; baseline 0 -28"><span class='ocrx_word' id='word_1_196' title='bbox 421 3182 671 3267; x_wconf 76' lang='lat' dir='ltr'><strong>Inopiae</strong></span> <span class='ocrx_word' id='word_1_197' title='bbox 702 3197 900 3252; x_wconf 76' lang='lat' dir='ltr'><strong>parva</strong></span> <span class='ocrx_word' id='word_1_198' title='bbox 947 3177 1091 3256; x_wconf 79' lang='lat' dir='ltr'><strong>(leg.</strong></span> <span class='ocrx_word' id='word_1_199' title='bbox 1127 3177 1352 3255; x_wconf 74' lang='lat' dir='ltr'><strong>pauca)</strong></span> <span class='ocrx_word' id='word_1_200' title='bbox 1403 3181 1639 3251; x_wconf 81' lang='lat' dir='ltr'><strong>desunt,</strong></span> <span class='ocrx_word' id='word_1_201' title='bbox 1686 3184 1970 3257; x_wconf 75' lang='lat' dir='ltr'><strong>avaritiae</strong></span> <span class='ocrx_word' id='word_1_202' title='bbox 2013 3184 2228 3239; x_wconf 78' lang='lat' dir='ltr'><strong>onmia.</strong></span> 
     </span>
    </p>
   </div>
   <div class='ocr_carea' id='block_1_10' title="bbox 199 3307 2504 4107">
    <p class='ocr_par' dir='ltr' id='par_1_10' title="bbox 203 3307 2504 3591">
     <span class='ocr_line' id='line_1_27' title="bbox 205 3307 2497 3399; baseline -0.001 -24"><span class='ocrx_word' id='word_1_203' title='bbox 205 3313 350 3393; x_wconf 77' lang='lat' dir='ltr'><strong>Qui</strong></span> <span class='ocrx_word' id='word_1_204' title='bbox 395 3312 728 3375; x_wconf 86' lang='lat' dir='ltr'><strong>dissensus</strong></span> <span class='ocrx_word' id='word_1_205' title='bbox 773 3307 948 3373; x_wconf 90' lang='lat' dir='ltr'><strong>haud</strong></span> <span class='ocrx_word' id='word_1_206' title='bbox 979 3312 1113 3374; x_wconf 86' lang='lat' dir='ltr'><strong>scio</strong></span> <span class='ocrx_word' id='word_1_207' title='bbox 1143 3332 1228 3373; x_wconf 91' lang='lat' dir='ltr'><strong>an</strong></span> <span class='ocrx_word' id='word_1_208' title='bbox 1257 3310 1349 3375; x_wconf 89' lang='lat' dir='ltr'><strong>ita</strong></span> <span class='ocrx_word' id='word_1_209' title='bbox 1381 3309 1811 3399; x_wconf 81' lang='lat' dir='ltr'><strong>explicandus</strong></span> <span class='ocrx_word' id='word_1_210' title='bbox 1846 3313 1952 3392; x_wconf 84' lang='lat' dir='ltr'><strong>sit,</strong></span> <span class='ocrx_word' id='word_1_211' title='bbox 2000 3320 2071 3375; x_wconf 91' lang='lat' dir='ltr'><strong>ut</strong></span> <span class='ocrx_word' id='word_1_212' title='bbox 2101 3319 2212 3375; x_wconf 86' lang='lat' dir='ltr'><strong>aut</strong></span> <span class='ocrx_word' id='word_1_213' title='bbox 2242 3309 2497 3397; x_wconf 88' lang='lat' dir='ltr'><strong>lapsum</strong></span> 
     </span>
     <span class='ocr_line' id='line_1_28' title="bbox 203 3410 2504 3479; baseline -0 -1"><span class='ocrx_word' id='word_1_214' title='bbox 203 3415 562 3479; x_wconf 86' lang='lat' dir='ltr'><strong>memoriae</strong></span> <span class='ocrx_word' id='word_1_215' title='bbox 617 3412 886 3479; x_wconf 89' lang='lat' dir='ltr'><strong>subesse</strong></span> <span class='ocrx_word' id='word_1_216' title='bbox 931 3420 1042 3479; x_wconf 87' lang='lat' dir='ltr'><strong>aut</strong></span> <span class='ocrx_word' id='word_1_217' title='bbox 1087 3410 1436 3477; x_wconf 89' lang='lat' dir='ltr'><strong>histriones</strong></span> <span class='ocrx_word' id='word_1_218' title='bbox 1483 3413 1690 3479; x_wconf 87' lang='lat' dir='ltr'><strong>verba</strong></span> <span class='ocrx_word' id='word_1_219' title='bbox 1736 3437 1851 3478; x_wconf 89' lang='lat' dir='ltr'><strong>suo</strong></span> <span class='ocrx_word' id='word_1_220' title='bbox 1896 3412 2166 3478; x_wconf 89' lang='lat' dir='ltr'><strong>arbitrio</strong></span> <span class='ocrx_word' id='word_1_221' title='bbox 2213 3414 2504 3477; x_wconf 88' lang='lat' dir='ltr'><strong>variasse</strong></span> 
     </span>
     <span class='ocr_line' id='line_1_29' title="bbox 204 3526 1633 3591; baseline -0.003 -9"><span class='ocrx_word' id='word_1_222' title='bbox 204 3526 592 3583; x_wconf 82' lang='lat' dir='ltr'><strong>statuamus,</strong></span> <span class='ocrx_word' id='word_1_223' title='bbox 1622 3580 1633 3591; x_wconf 66' lang='grc'>,</span> 
     </span>
    </p>

    <p class='ocr_par' dir='ltr' id='par_1_11' title="bbox 199 3615 2503 4107">
     <span class='ocr_line' id='line_1_30' title="bbox 378 3615 2502 3704; baseline -0.002 -21"><span class='ocrx_word' id='word_1_224' title='bbox 378 3619 470 3684; x_wconf 89' lang='lat' dir='ltr'><strong>Ut</strong></span> <span class='ocrx_word' id='word_1_225' title='bbox 513 3624 732 3681; x_wconf 88' lang='lat' dir='ltr'><strong>autem</strong></span> <span class='ocrx_word' id='word_1_226' title='bbox 774 3617 844 3680; x_wconf 91' lang='lat' dir='ltr'><strong>in</strong></span> <span class='ocrx_word' id='word_1_227' title='bbox 887 3615 1171 3681; x_wconf 85' lang='lat' dir='ltr'><strong>Senecae</strong></span> <span class='ocrx_word' id='word_1_228' title='bbox 1221 3615 1595 3704; x_wconf 84' lang='lat' dir='ltr'><strong>philosophi</strong></span> <span class='ocrx_word' id='word_1_229' title='bbox 1639 3617 1826 3682; x_wconf 88' lang='lat' dir='ltr'><strong>libris</strong></span> <span class='ocrx_word' id='word_1_230' title='bbox 1872 3616 2076 3681; x_wconf 89' lang='lat' dir='ltr'><strong>multa</strong></span> <span class='ocrx_word' id='word_1_231' title='bbox 2121 3625 2351 3680; x_wconf 85' lang='lat' dir='ltr'><strong>extant</strong></span> <span class='ocrx_word' id='word_1_232' title='bbox 2393 3638 2502 3702; x_wconf 88' lang='lat' dir='ltr'><strong>pa-</strong></span> 
     </span>
     <span class='ocr_line' id='line_1_31' title="bbox 201 3717 2503 3805; baseline -0.003 -18"><span class='ocrx_word' id='word_1_233' title='bbox 201 3732 434 3787; x_wconf 89' lang='lat' dir='ltr'><strong>ternae</strong></span> <span class='ocrx_word' id='word_1_234' title='bbox 490 3718 876 3805; x_wconf 87' lang='lat' dir='ltr'><strong>&#39;disciplinae</strong></span> <span class='ocrx_word' id='word_1_235' title='bbox 932 3718 1245 3803; x_wconf 85' lang='lat' dir='ltr'><strong>vestigia,</strong></span> <span class='ocrx_word' id='word_1_236' title='bbox 1304 3727 1376 3782; x_wconf 91' lang='lat' dir='ltr'><strong>ut</strong></span> <span class='ocrx_word' id='word_1_237' title='bbox 1432 3717 1538 3781; x_wconf 84' lang='lat' dir='ltr'><strong>vel</strong></span> <span class='ocrx_word' id='word_1_238' title='bbox 1595 3721 1664 3782; x_wconf 89' lang='lat' dir='ltr'><strong>in</strong></span> <span class='ocrx_word' id='word_1_239' title='bbox 1722 3718 1915 3782; x_wconf 88' lang='lat' dir='ltr'><strong>rebus</strong></span> <span class='ocrx_word' id='word_1_240' title='bbox 1972 3718 2241 3781; x_wconf 88' lang='lat' dir='ltr'><strong>minutis</strong></span> <span class='ocrx_word' id='word_1_241' title='bbox 2295 3718 2503 3803; x_wconf 88' lang='lat' dir='ltr'><strong>patris</strong></span> 
     </span>
     <span class='ocr_line' id='line_1_32' title="bbox 201 3818 2503 3908; baseline -0.002 -22"><span class='ocrx_word' id='word_1_242' title='bbox 201 3820 585 3908; x_wconf 84' lang='lat' dir='ltr'><strong>exemplum</strong></span> <span class='ocrx_word' id='word_1_243' title='bbox 641 3819 1189 3908; x_wconf 67' lang='lat' dir='ltr'><strong>expresserit**),</strong></span> <span class='ocrx_word' id='word_1_244' title='bbox 1257 3820 1349 3883; x_wconf 88' lang='lat' dir='ltr'><strong>ita</strong></span> <span class='ocrx_word' id='word_1_245' title='bbox 1403 3820 1676 3884; x_wconf 89' lang='lat' dir='ltr'><strong>mirifice</strong></span> <span class='ocrx_word' id='word_1_246' title='bbox 1739 3822 2118 3900; x_wconf 83' lang='lat' dir='ltr'><strong>concinunt,</strong></span> <span class='ocrx_word' id='word_1_247' title='bbox 2177 3840 2342 3905; x_wconf 89' lang='lat' dir='ltr'><strong>quae</strong></span> <span class='ocrx_word' id='word_1_248' title='bbox 2391 3818 2503 3882; x_wconf 91' lang='lat' dir='ltr'><strong>ille</strong></span> 
     </span>
     <span class='ocr_line' id='line_1_33' title="bbox 199 3920 2498 4012; baseline -0.001 -26"><span class='ocrx_word' id='word_1_249' title='bbox 199 3946 320 4012; x_wconf 86' lang='lat' dir='ltr'><strong>pg.</strong></span> <span class='ocrx_word' id='word_1_250' title='bbox 364 3923 521 4005; x_wconf 83' lang='lat'><strong>206,</strong></span> <span class='ocrx_word' id='word_1_251' title='bbox 574 3924 648 3986; x_wconf 93' lang='grc'><strong>11</strong></span> <span class='ocrx_word' id='word_1_252' title='bbox 707 3922 1008 3987; x_wconf 86' lang='lat' dir='ltr'><strong>Cassium</strong></span> <span class='ocrx_word' id='word_1_253' title='bbox 1066 3921 1381 3987; x_wconf 89' lang='lat' dir='ltr'><strong>Severum</strong></span> <span class='ocrx_word' id='word_1_254' title='bbox 1438 3922 1521 3985; x_wconf 89' lang='lat' dir='ltr'><strong>de</strong></span> <span class='ocrx_word' id='word_1_255' title='bbox 1576 3920 1863 3987; x_wconf 92' lang='lat' dir='ltr'><strong>Publilio</strong></span> <span class='ocrx_word' id='word_1_256' title='bbox 1919 3920 2247 3984; x_wconf 77' lang='lat' dir='ltr'><strong>diccfftem</strong></span> <span class='ocrx_word' id='word_1_257' title='bbox 2306 3920 2498 3985; x_wconf 89' lang='lat' dir='ltr'><strong>facit:</strong></span> 
     </span>
     <span class='ocr_line' id='line_1_34' title="bbox 201 4014 2502 4107; baseline -0.002 -16"><span class='ocrx_word' id='word_1_258' title='bbox 201 4014 411 4091; x_wconf 84' lang='lat' dir='ltr'><strong>multa</strong></span> <span class='ocrx_word' id='word_1_259' title='bbox 455 4026 632 4107; x_wconf 76' lang='lat' dir='ltr'><strong>apud</strong></span> <span class='ocrx_word' id='word_1_260' title='bbox 671 4046 812 4089; x_wconf 89' lang='lat' dir='ltr'><strong>eum</strong></span> <span class='ocrx_word' id='word_1_261' title='bbox 856 4024 1077 4088; x_wconf 85' lang='lat' dir='ltr'><strong>melius</strong></span> <span class='ocrx_word' id='word_1_262' title='bbox 1121 4044 1246 4088; x_wconf 88' lang='lat' dir='ltr'><strong>esse</strong></span> <span class='ocrx_word' id='word_1_263' title='bbox 1289 4024 1487 4102; x_wconf 84' lang='lat' dir='ltr'><strong>dieta,</strong></span> <span class='ocrx_word' id='word_1_264' title='bbox 1537 4045 1730 4106; x_wconf 89' lang='lat' dir='ltr'><strong>quam</strong></span> <span class='ocrx_word' id='word_1_265' title='bbox 1773 4024 1949 4106; x_wconf 76' lang='lat' dir='ltr'><strong>apud</strong></span> <span class='ocrx_word' id='word_1_266' title='bbox 1991 4044 2366 4105; x_wconf 78' lang='lat' dir='ltr'><strong>quemquam</strong></span> <span class='ocrx_word' id='word_1_267' title='bbox 2410 4045 2502 4087; x_wconf 85' lang='lat' dir='ltr'><strong>eo-</strong></span> 
     </span>
    </p>
   </div>
   <div class='ocr_carea' id='block_1_11' title="bbox 345 4158 2504 4228">
    <p class='ocr_par' dir='ltr' id='par_1_12' title="bbox 345 4158 2504 4228">
     <span class='ocr_line' id='line_1_35' title="bbox 345 4158 2504 4228; baseline 0 -17"><span class='ocrx_word' id='word_1_268' title='bbox 345 4159 402 4228; x_wconf 87' lang='lat'><strong>*)</strong></span> <span class='ocrx_word' id='word_1_269' title='bbox 441 4162 569 4215; x_wconf 87' lang='lat' dir='ltr'><strong>Sen.</strong></span> <span class='ocrx_word' id='word_1_270' title='bbox 607 4163 747 4213; x_wconf 88' lang='lat' dir='ltr'><strong>rhet.</strong></span> <span class='ocrx_word' id='word_1_271' title='bbox 783 4164 901 4225; x_wconf 79' lang='lat'>202,</span> <span class='ocrx_word' id='word_1_272' title='bbox 937 4165 1001 4211; x_wconf 80' lang='lat'><strong>24</strong></span> <span class='ocrx_word' id='word_1_273' title='bbox 1039 4164 1195 4211; x_wconf 86' lang='lat' dir='ltr'><strong>Burs.</strong></span> <span class='ocrx_word' id='word_1_274' title='bbox 1234 4159 1627 4213; x_wconf 78' lang='lat' dir='ltr'><strong>Publilianum</strong></span> <span class='ocrx_word' id='word_1_275' title='bbox 1662 4159 1836 4225; x_wconf 79' lang='lat' dir='ltr'><strong>dedit,</strong></span> <span class='ocrx_word' id='word_1_276' title='bbox 1870 4164 1989 4226; x_wconf 84' lang='lat'><strong>211,</strong></span> <span class='ocrx_word' id='word_1_277' title='bbox 2016 4163 2082 4211; x_wconf 83' lang='lat'><strong>24</strong></span> <span class='ocrx_word' id='word_1_278' title='bbox 2117 4158 2504 4213; x_wconf 76' lang='lat' dir='ltr'><strong>Publilianam</strong></span> 
     </span>
    </p>
   </div>
   <div class='ocr_carea' id='block_1_12' title="bbox 198 4244 2499 4396">
    <p class='ocr_par' dir='ltr' id='par_1_13' title="bbox 198 4244 2499 4396">
     <span class='ocr_line' id='line_1_36' title="bbox 198 4244 1468 4312; baseline -0.003 -11"><span class='ocrx_word' id='word_1_279' title='bbox 198 4246 539 4301; x_wconf 85' lang='lat' dir='ltr'><strong>sententiam</strong></span> <span class='ocrx_word' id='word_1_280' title='bbox 574 4244 730 4298; x_wconf 84' lang='lat' dir='ltr'><strong>dedit</strong></span> <span class='ocrx_word' id='word_1_281' title='bbox 765 4244 967 4298; x_wconf 83' lang='lat' dir='ltr'><strong>Festus</strong></span> <span class='ocrx_word' id='word_1_282' title='bbox 1002 4244 1232 4312; x_wconf 85' lang='lat' dir='ltr'><strong>quidam</strong></span> <span class='ocrx_word' id='word_1_283' title='bbox 1266 4249 1468 4299; x_wconf 81' lang='lat' dir='ltr'><strong>orator.</strong></span> 
     </span>
     <span class='ocr_line' id='line_1_37' title="bbox 311 4328 2499 4396; baseline -0.001 -13"><span class='ocrx_word' id='word_1_284' title='bbox 311 4330 402 4394; x_wconf 88' lang='lat'><strong>**)</strong></span> <span class='ocrx_word' id='word_1_285' title='bbox 440 4332 820 4383; x_wconf 80' lang='lat' dir='ltr'><strong>Animadverti</strong></span> <span class='ocrx_word' id='word_1_286' title='bbox 857 4348 943 4381; x_wconf 85' lang='lat' dir='ltr'><strong>ex.</strong></span> <span class='ocrx_word' id='word_1_287' title='bbox 981 4346 1060 4395; x_wconf 87' lang='lat' dir='ltr'><strong>gr.</strong></span> <span class='ocrx_word' id='word_1_288' title='bbox 1095 4335 1384 4396; x_wconf 84' lang='lat' dir='ltr'><strong>utrumque</strong></span> <span class='ocrx_word' id='word_1_289' title='bbox 1423 4333 1761 4384; x_wconf 83' lang='lat' dir='ltr'><strong>abstinuisse</strong></span> <span class='ocrx_word' id='word_1_290' title='bbox 1788 4331 2056 4385; x_wconf 83' lang='lat' dir='ltr'><strong>vocabulo</strong></span> <span class='ocrx_word' id='word_1_291' title='bbox 2083 4328 2201 4394; x_wconf 74' lang='lat' dir='ltr'><strong>etsi,</strong></span> <span class='ocrx_word' id='word_1_292' title='bbox 2239 4336 2295 4381; x_wconf 87' lang='lat' dir='ltr'><strong>et</strong></span> <span class='ocrx_word' id='word_1_293' title='bbox 2325 4331 2499 4382; x_wconf 85' lang='lat' dir='ltr'><strong>vitan-</strong></span> 
     </span>
    </p>
   </div>
   <div class='ocr_carea' id='block_1_13' title="bbox 204 4415 1587 4483">
    <p class='ocr_par' dir='ltr' id='par_1_14' title="bbox 204 4415 1587 4483">
     <span class='ocr_line' id='line_1_38' title="bbox 204 4415 1587 4483; baseline -0.001 -14"><span class='ocrx_word' id='word_1_294' title='bbox 204 4419 319 4469; x_wconf 83' lang='lat' dir='ltr'><strong>dae</strong></span> <span class='ocrx_word' id='word_1_295' title='bbox 359 4417 733 4483; x_wconf 84' lang='lat' dir='ltr'><strong>amphiboliae</strong></span> <span class='ocrx_word' id='word_1_296' title='bbox 772 4431 944 4468; x_wconf 87' lang='lat' dir='ltr'><strong>causa</strong></span> <span class='ocrx_word' id='word_1_297' title='bbox 979 4415 1587 4481; x_wconf 70' lang='lat' dir='ltr'><strong>praetulisse-etiami.</strong></span> 
     </span>
    </p>
   </div>
   <div class='ocr_carea' id='block_1_14' title="bbox 203 4131 619 4142">
    <p class='ocr_par' dir='ltr' id='par_1_15' title="bbox 203 4131 619 4142">
     <span class='ocr_line' id='line_1_39' title="bbox 203 4131 619 4142; baseline 0 808"><span class='ocrx_word' id='word_1_298' title='bbox 203 4131 619 4142; x_wconf 95' lang='lat' dir='ltr'><strong> </strong></span> 
     </span>
    </p>
   </div>
  </div>
 </body>
</html>
