2917 4950
959 329 1510 378 PROLEGOMENA.
2302 313 2387 378 39

117 483 429 548 caecilium
487 481 788 551 Balbum.
881 483 968 546 Et
1030 493 1102 548 ut
1166 506 1363 570 supra
1419 505 1503 546 ex
1562 482 1900 566 Cicerone,
1943 504 2020 544 ac
2076 480 2385 546 Sallustio

115 585 348 670 singula
399 584 720 672 quaedam
774 586 1024 651 inserta
1080 586 1284 651 fuisse
1329 585 1651 668 vidimus,
1709 586 1804 649 ita
1846 583 2062 649 nullus
2106 584 2243 647 fere
2288 592 2386 647 est

113 690 261 752 inter
303 696 556 751 veteres
603 688 977 775 scriptoreS,
1026 688 1210 752 cuius
1257 709 1388 752 non
1430 689 1653 773 aliqua
1698 696 1875 774 certe
1920 687 2245 752 sententia
2288 687 2382 750 in-

112 790 358 854 fluxisse
401 790 612 875 possit
656 791 727 853 in
770 789 936 852 hanc
980 788 1240 853 foedam
1284 788 1611 877 paludem.
1704 788 1886 870 Quid
1933 788 2106 874 quod
2150 788 2381 852 Fabri-

112 893 230 956 cius
275 901 334 953 ‘e
375 892 842 978 manuscripto'
889 891 1057 955 hanc
1103 890 1314 955 edidit
1358 892 1789 955 sententiam:

497 1051 706 1110 Ferme
747 1051 1024 1126 fuyiendo
1066 1053 1134 1109 in
1176 1052 1368 1110 media
1408 1050 1541 1121 fata
1584 1051 1926 1119 incurritur,

111 1200 220 1264 huc
261 1197 544 1262 delatam
590 1220 675 1262 ex
717 1197 913 1263 Livio
945 1198 1006 1280 8,
1038 1198 1142 1280 24,
1174 1199 1248 1280 43
1297 1196 1471 1283 quod
1514 1198 1584 1260 in
1629 1196 1853 1260 codiee
1884 1197 2184 1261 Parisino
2216 1197 2382 1261 8027

112 1303 472 1367 Bactrorum
528 1299 950 1387 proverbium
1005 1300 1267 1386 irrepsit
1323 1301 1495 1363 inter
1540 1301 1896 1363 sententias
1942 1297 2378 1362 Publilianas:

123 1404 334 1467 Verum
377 1407 466 1467 est
509 1423 726 1466 canem
771 1404 1063 1468 timidum
1105 1403 1521 1467 vehementius
1566 1402 1804 1466 latrare
1848 1421 2041 1482 quam
2080 1402 2380 1479 mordere,

111 1511 158 1568 et
194 1506 499 1569 altissima
544 1526 826 1586 quaeque
866 1506 1140 1586 flumina
1183 1525 1310 1568 uno
1351 1504 1507 1568 solio
1540 1501 1697 1588 (leg.
1729 1504 1993 1567 minimo
2020 1503 2201 1588 sono)
2234 1503 2380 1580 labi,

111 1629 140 1668 e
187 1605 404 1671 Curtio
453 1607 521 1689 7,
567 1606 642 1688 4,
693 1607 770 1669 13
824 1604 991 1669 male
1048 1605 1176 1669 huc
1230 1614 1615 1688 retractum3
1683 1603 1859 1691 quod
1919 1606 2030 1690 qui
2088 1605 2383 1671 codicem

28 1747 30 1752 ·
111 1708 458 1772 Parisinum
517 1707 685 1771 8049
741 1707 852 1792 (O)
913 1707 1207 1792 scripsit,
1277 1707 1747 1771 sententiarum
1802 1729 2143 1770 numerum
2197 1706 2385 1770 auxit

109 1811 181 1873 ad
222 1809 346 1874 duo
392 1807 577 1872 milia
621 1808 736 1894 (cf.
771 1831 966 1894 supra
1010 1831 1119 1895 pg.
1158 1809 1287 1894 19),
1335 1817 1623 1872 ceterum
1666 1809 1735 1871 in
1779 1807 1900 1873 hoc
1940 1831 1980 1870 a
2010 1807 2239 1872 fraude
2269 1829 2381 1872 va-

111 1934 271 1994 cuuS,
316 1910 490 1998 quod
536 1932 656 1974 nec
684 1908 956 1975 Publilii
1000 1933 1122 1973 nec
1159 1909 1444 1974 Senecae
1488 1931 1725 1974 nomen
1770 1909 2093 1996 praefixit.
2167 1909 2381 1973 Huius

111 2015 502 2102 confusionis·
531 2022 605 2077 ut
647 2011 915 2098 aliquod
961 2021 1216 2076 extaret
1259 2021 1771 2094 monumentum,
1820 2011 2013 2077 simul
2056 2035 2139 2075 ne
2168 2010 2283 2076 alii
2314 2013 2382 2075 in

26 2119 28 2124 ’
112 2115 350 2179 eosdem
396 2137 650 2181 errores
694 2116 930 2179 iterum
961 2113 1347 2197 inciderent,
1391 2115 1479 2177 ad
1510 2113 1753 2177 calcem
1785 2113 2092 2179 editionis
2122 2124 2383 2177 nostrae

113 2216 415 2282 edidimus
461 2227 784 2282 trecentas
829 2218 968 2280 fere
1013 2214 1371 2281 sententias
1416 2215 1501 2301 ab
1548 2216 1911 2282 editoribus
1959 2218 2102 2280 sive
2147 2238 2231 2279 ex
2276 2238 2378 2280 co-

114 2318 344 2384 dicibus
390 2318 802 2406 interpolatis
851 2320 992 2383 sive
1037 2340 1120 2382 ex
1165 2319 1326 2405 ipsis
1372 2317 1750 2404 auctoribus
1797 2318 2109 2383 Romanis
2154 2316 2378 2382 Publi-

24 2449 26 2452 >
115 2420 282 2486 lianis
328 2421 493 2489 falso
537 2421 888 2487 admixtae.
977 2420 1159 2501 Quas
1207 2421 1332 2485 etsi
1375 2442 1506 2486 non
1552 2442 1774 2486 omnes
1819 2421 2198 2486 auctoribus
2244 2420 2389 2492 suis

115 2524 364 2587 reddere
409 2523 704 2609 contigit,
753 2525 910 2589 satis
955 2524 1160 2587 firmis
1206 2524 1426 2588 tamen
1471 2524 1929 2610 comprobasse
1957 2523 2121 2588 mihi
2151 2521 2383 2588 videor

113 2628 484 2710 argumentis
502 2676 520 2710 ,
581 2627 1050 2691 sententiarum
1105 2627 1174 2689 in
1229 2626 1702 2691 recentioribus
1750 2635 2002 2699 tantum
2046 2624 2379 2691 codicibus

114 2736 493 2793 servatarum
535 2727 781 2792 nullam
824 2749 1090 2816 prorsus
1136 2749 1278 2792 esse
1321 2730 1793 2792 auctoritatem.

182 2892 188 2899 .
260 2832 326 2917 3)
372 2830 598 2894 Tertio
656 2829 799 2895 loco
863 2829 1314 2893 disserendum
1380 2830 1506 2893 erit
1572 2829 1664 2893 de
1730 2830 1837 2893 iis
1902 2829 2377 2912 sententiiS,

113 2955 286 3017 quae
339 2932 758 3019 incipiunt
811 2954 850 2995 a
905 2930 1214 2996 litteris
1260 2930 1513 3015 A—N,
1570 2952 1935 3018 quaeque
1990 2932 2070 2993 in
2128 2932 2375 2995 omni-

111 3033 235 3099 bus
281 3034 707 3100 codicibus
753 3042 1065 3115 extant,
1110 3032 1181 3097 id
1214 3043 1312 3097 est
1344 3033 1426 3097 de
1459 3033 1761 3099 versibus
1798 3034 2004 3098 1-34
2034 3032 2179 3118 (A),
2210 3033 2374 3097 44-·-

113 3136 179 3199 78
221 3136 374 3223 (Β),
433 3135 730 3201 85-105
775 3136 924 3220 (G),
991 3136 1322 3200 123—138
1371 3135 1497 3220 (D)
1514 3185 1548 3227 ,ι
1584 3136 1917 3199 147--162
1962 3134 2121 3221 (E),
2174 3134 2372 3199 166-

24 3260 27 3315 5
111 3239 217 3301 192
259 3239 404 3322 (F),
452 3237 789 3302 194—202
834 3236 979 3322 (G),
1025 3237 1364 3302 203—223
1412 3236 1562 3320 (H),
1606 3236 1945 3302 230—263
1988 3237 2122 3321 (Ι),
2168 3237 2381 3301 291—

109 3339 212 3402 301
258 3342 397 3427 (L),
445 3339 785 3404 309—-349
829 3339 1004 3424 (M),
1051 3338 1390 3403 377-386
1438 3338 1599 3425 (N).

24 3466 26 3469 ’
259 3440 422 3521 Qua
461 3463 547 3503 ex
603 3462 799 3504 causa
857 3441 1245 3522 sententiae,
1306 3440 1389 3505 de
1442 3440 1681 3527 quibus
1724 3440 1919 3504 modo
1965 3438 2215 3504 dictum
2260 3451 2377 3520 est,

108 3564 306 3625 omne-s
351 3565 390 3606 a
420 3540 707 3607 Publilio
751 3540 1225 3607 abiudicandas
1274 3564 1415 3607 esse
1447 3530 1839 3625 censuimus,
1888 3564 1973 3605 ex
2003 3540 2230 3605 eadem
2260 3541 2377 3606 has

107 3666 306 3709 omnes
337 3646 399 3709 ei
429 3642 868 3719 vindicandas
901 3666 1044 3709 esse
1075 3666 1458 3729 persuasum
1488 3643 1679 3709 nobis
1712 3655 1829 3708 est.
1899 3643 1994 3707 Ut
2025 3644 2197 3707 enim
2225 3641 2377 3706 illae

107 3746 456 3829 pedestrem
503 3747 861 3811 orationem
904 3745 1236 3837 redolent,
1266 3747 1359 3810 ita
1402 3746 1527 3810 hae
1570 3756 1682 3810 aut
1727 3746 1861 3809 leni
1904 3743 2158 3808 medela
2187 3742 2372 3808 adhi-

107 3845 228 3911 bita
280 3848 597 3913 iambicos
655 3846 762 3913 vel
818 3848 1184 3913 trochaicos
1243 3847 1511 3935 explent
1566 3868 1899 3927 numerOS,
1956 3855 2069 3910 aut
2124 3845 2372 3911 auxilio

24 3934 27 3945 ’
107 3951 311 4017 critico
353 3973 438 4015 ne
481 3949 785 4035 indigent
830 3951 1122 4037 quidem3
1169 3973 1247 4015 ac
1291 3952 1458 4014 sicut
1501 3949 1639 4013 illic
1682 3932 2047 4012 cavendum
2088 3957 2247 4031 erat,
2292 3970 2376 4013 ne
2451 4010 2455 4015 .

108 4047 334 4137 lepidos
379 4052 698 4139 quosdam
741 4051 1430 4141 versiculos‘Publilio
1477 4052 1946 4133 tribueremus,
2008 4051 2100 4114 ita
2144 4050 2246 4114 his
2291 4074 2373 4115 ne

111 4151 482 4239 denegemus
527 4154 674 4218 leve
718 4153 884 4218 illud
917 4154 1385 4237 adiumentum,
1433 4176 1562 4241 quo
1594 4152 1679 4216 ad
1712 4154 2069 4216 carminum
2100 4152 2372 4216 formam

111 4256 510 4326 reducuntur:
556 4257 721 4322 adeo
767 4258 1047 4344 primum
1092 4255 1362 4321 editoris
1395 4255 1684 4321 officium
1718 4265 1817 4321 est
1846 4254 2095 4336 videre,
2142 4264 2214 4318 ut
2243 4255 2401 4319 sibi'

115 4368 359 4425 constet.
449 4359 624 4429 Cum*
679 4361 761 4443 ii,
831 4361 942 4449 qui
1007 4356 1264 4425 codices
1329 4360 1799 4425 sententiarum
1854 4354 2371 4425 Publilianarum
