2917 4950
532 293 616 356 34
1397 308 1940 359 Pnosmeomnm.

530 569 725 652 IIII.
842 568 1054 672 Quae
1128 567 1586 674 sententiae·
1628 568 1970 655 Publilio
2052 568 2205 654 sint
2282 569 2785 670 vindicandae,

1053 732 1251 814 quae
1321 706 1808 788 damnandae
1881 705 2304 814 quaeritur.

699 905 1086 970 Praemissis
1146 925 1310 990 quae
1357 904 1440 967 de
1484 902 1769 968 Publilio
1817 904 2085 991 eiusque
2130 907 2601 970 sententiarum
2645 906 2791 970 codi-

532 1008 718 1073 cibus
765 1017 829 1071 et
875 1005 1271 1071 editionibus
1316 1028 1581 1072 monere
1626 1006 1853 1093 utique
1898 1028 2161 1072 necesse
2208 1017 2379 1092 erat,
2435 1009 2791 1072 accedamus

531 1112 661 1174 iam
720 1110 806 1173 ad
859 1109 1303 1196 quaestionem
1357 1109 1847 1192 gravissimam,
1907 1130 2071 1194 quae
2115 1117 2231 1195 per
2274 1118 2371 1174 tot
2416 1109 2793 1174 saeculorum
2883 1129 2884 1132 ¹

530 1214 876 1276 decursum
929 1209 1408 1297 philologorum
1470 1211 1738 1294 ingenia
1780 1233 1909 1274 non
1956 1212 2248 1275 exercuit
2292 1211 2535 1296 solum,
2593 1211 2703 1276 sed
2742 1212 2792 1272 in
2875 1138 2886 1322 i

530 1324 664 1379 tam
709 1313 1007 1378 diversas
1052 1311 1343 1398 abripuit
1398 1315 1790 1395 sententiaS,
1846 1323 1919 1378 ut
1965 1312 2157 1378 hodie
2202 1337 2319 1378 nos
2366 1337 2405 1377 a
2451 1314 2794 1399 cognitione
2883 1331 2886 1340 ·

530 1417 672 1480 veri
729 1413 986 1499 longius
1043 1412 1272 1478 abesse
1330 1413 1669 1478 fatendum
1728 1416 1813 1479 sit
1871 1437 2063 1501 quam
2113 1437 2283 1480 anno
2334 1416 2499 1480 1514
2544 1415 2791 1479 Deside-

530 1519 666 1582 rius
713 1517 1025 1581 Erasmus
1083 1515 1315 1579 fuerat.
1407 1515 1479 1580 Si
1526 1517 1671 1602 quis
1730 1526 1946 1580 autem
1991 1518 2209 1582 missis
2256 1518 2653 1583 editionibus
2696 1514 2793 1580 soli

530 1622 850 1685 innitetur
909 1619 1208 1682 codicum
1263 1618 1635 1682 auctoritati
1678 1639 1890 1706 neque
1936 1642 2006 1683 se
2050 1618 2377 1684 erroribus
2422 1620 2507 1684 ab
2554 1618 2794 1684 homini-

530 1722 654 1787 bus
701 1721 910 1787 doctis
956 1721 1238 1784 invectis
1285 1721 1613 1806 corrumpi
1658 1722 1978 1807 patietur,
2026 1719 2202 1784 haud
2247 1723 2340 1786 ita
2386 1721 2655 1786 difficile
2697 1721 2795 1782 erit
2882 1769 2884 1796 ἦ

531 1825 977 1911 quaestionem
1021 1820 1215 1908 paulo
1262 1821 1744 1907 impeditiorem
1789 1824 1858 1886 in
1904 1845 2052 1887 suas
2098 1833 2313 1910 partes
2360 1823 2713 1888 dissolvere
2736 1842 2798 1882 ae
2883 1811 2885 1842 f

530 1925 790 2012 singula
833 1934 1160 1990 momenta
1204 1922 1410 1987 libero
1458 1921 1701 1986 iudicio
1748 1923 2130 2010 ponderare.
2628 1991 2637 2004 x
2883 1985 2885 2000 ς

703 2030 768 2112 1)
817 2026 1174 2091 Videamus
1221 2025 1503 2110 primum
1550 2023 1643 2086 de
1689 2027 2129 2092 sententiis
2175 2027 2242 2090 in
2283 2027 2573 2092 editione
2603 2036 2796 2092 nostra

532 2129 963 2195 inclinatis
1023 2126 1338 2192 litteris
1397 2129 1852 2211 expressis,
1921 2151 2194 2216 quarum
2252 2131 2461 2216 prima
2520 2140 2621 2195 est
2674 2137 2797 2216 post

533 2256 598 2297 v.
645 2232 770 2296 386

879 2355 1161 2414 Nondum
1204 2353 1342 2424 felix
1387 2369 1473 2421 ee,
1517 2355 1569 2412 si
1612 2355 1875 2414 nondum
1918 2361 1969 2415 te
2012 2358 2188 2416 turba
2232 2358 2462 2416 deridet.
2880 2369 2887 2417 l

534 2506 664 2569 Eas
727 2525 1118 2590 quamquam
1179 2523 1262 2564 ne
1327 2501 1543 2566 obiter
1610 2501 1874 2588 quidem
1940 2502 2181 2589 legenti
2245 2504 2437 2619 longe
2491 2527 2531 2568 a
2590 2503 2795 2568 ceteris

517 2609 776 2673 'distare
832 2605 1182 2671 obscurum
1239 2624 1380 2667 esse
1436 2614 1692 2689 potest,-
1758 2605 2081 2670 editorum
2134 2583 2353 2671 tamen
2409 2605 2800 2691 neglegentia

531 2712 776 2775 factum
823 2719 950 2791 est,
1009 2716 1085 2771 ut
1137 2704 1310 2770 haud
1355 2727 1601 2791 paucae
1648 2707 2002 2772 etiamnum
2051 2731 2167 2796 pro
2221 2694 2615 2775 Publilianis
2667 2729 2799 2771 ven-

531 2814 838 2878 ditentur.
927 2810 1251 2873 Nimirum
1294 2828 1426 2871 non
1470 2830 1693 2872 omnes
1738 2808 1883 2873 illas
1930 2811 2015 2873 ad.
2058 2809 2256 2873 fidem
2299 2811 2601 2875 codicum
2632 2810 2809 2874 eden*

532 2917 651 2979 das
698 2920 1124 2994 curaverunt,
1173 2909 1290 2973 sed
1335 2907 1608 2973 selectas
1654 2919 1939 2994 tantum,
1988 2934 2153 2999 quae
2197 2913 2431 2978 iambis
2479 2913 2673 2977 facile
2714 2908 2801 2973 vel
2885 2914 2887 2989 l

529 3015 850 3081 trochaeis
894 3010 1370 3078 accommodari
1400 3022 1687 3096 possent,
1720 3014 2115 3096 emendataS,
2153 3024 2226 3078 ut
2255 3016 2416 3102 ipsis
2449 3015 2799 3089 videbatur,
2885 3096 2887 3099 y

531 3118 823 3205 probatis
883 3115 1181 3180 versibus
1235 3119 1668 3182 inseruerunt.
1757 3116 1923 3181 Cum
1966 3126 2185 3181 autem
2229 3116 2610 3204 plerumque
2652 3127 2799 3182 tace·

530 3229 697 3302 rent,
747 3219 906 3306 quid
935 3219 1324 3284 omisissent
1364 3216 1863 3285 addidissentve
1892 3229 2333 3306 quantumque
2361 3220 2585 3284 verbis
2616 3229 2801 3283 trans·
2885 3264 2887 3277 2

533 3323 767 3411 positis
815 3318 923 3384 vel
967 3323 1273 3386 correctis
1305 3346 1344 3386 a
1374 3320 1688 3388 librorum
1732 3322 2119 3387 auctoritate
2162 3321 2499 3404 abiissent,
2546 3318 2803 3403 contigit

533 3445 729 3505 sane,
791 3432 864 3487 ut
919 3444 988 3487 se
1042 3424 1326 3489 invicem
1390 3425 1556 3490 alter
1615 3423 1891 3488 alterum
1954 3423 2357 3510 aliquamdiu
2422 3423 2799 3512 deciperent,
2885 3440 2887 3443 ’

531 3525 725 3591 simul
771 3546 990 3589 omnes
1035 3512 1393 3611 legentium
1437 3526 1640 3593 oculis
1683 3524 2033 3612 plurimum
2064 3524 2361 3610 caliginis
2394 3526 2801 3590 offunderent.

534 3628 666 3695 Sed
722 3628 1039 3691 maximas
1097 3630 1324 3694 turbas
1370 3628 1535 3694 illud
1583 3628 1930 3710 excitavit,
1990 3628 2166 3714 quod
2211 3629 2677 3694 sententiarum
2718 3647 2800 3690 or-

535 3731 708 3814 dine,
757 3750 947 3817 quem
993 3730 1250 3795 codices
1296 3731 1764 3819 sequuntur*),
1812 3728 2003 3816 plane
2045 3732 2307 3796 inverso
2351 3741 2645 3795 nostrum
2686 3750 2799 3793 mo-

537 3856 674 3898 rem
729 3833 937 3897 secuti
994 3834 1502 3916 coniunxerunt,
1572 3854 1735 3918 quae
1790 3854 1829 3895 a
1883 3830 2121 3897 litteris
2180 3834 2312 3915 Na,
2370 3834 2504 3916 Ne,
2560 3834 2650 3897 Ni
2694 3839 2799 3894 etc.

536 3934 880 4021 incipiunt,
926 3956 1137 4021 neque
1181 3935 1251 4000 id
1295 3936 1366 3999 in
1409 3936 1492 4001 iis
1534 3945 1791 4000 tantum
1836 3933 1965 3999 sibi
2011 3945 2425 4021 sumpserunt
2455 3932 2798 4009 sententiiS,

537 4036 621 4101 de
681 4036 916 4124 quibus
971 4058 1149 4100 nunc
1199 4038 1420 4122 agitur
1474 4059 1763 4125 quasque
1816 4060 1968 4101 mox
2014 4037 2385 4101 videbimus
2432 4036 2799 4103 subditicias

539 4194 613 4203 ——-

673 4276 728 4344 ³¹³)
768 4277 1001 4328 Constat
1038 4293 1104 4327 ex
1129 4278 1297 4329 Festo
1335 4278 1573 4343 aliisque
1608 4282 1829 4342 veteres
1866 4280 1921 4329 in
1958 4279 2245 4331 vocabulis
2284 4281 2354 4331 ad
2388 4280 2691 4333 litterarum
2728 4291 2801 4326 or·
2833 4320 2834 4323 ,

538 4361 720 4414 dinem
759 4362 1076 4428 digerendis
1111 4364 1318 4429 primae
1358 4368 1565 4414 tantum
1606 4365 1826 4415 litterae
1864 4366 2127 4419 rationem
2168 4365 2445 4417 habuisse.
2767 4414 2775 4423 ,
2829 4339 2840 4384 3
