2917 4950
1114 303 1211 350 DE
1254 301 1584 350 Momssus.
1855 376 1860 379 ι
2375 289 2493 352 137

278 470 337 526 7.
390 461 649 548 Specta,
697 458 874 546 quod
918 468 985 524 te
1028 477 1383 543 numquam
1426 458 1780 545 paeniteat.

277 573 341 629 8.
390 565 539 628 Non
583 584 776 650 quam
820 559 1043 625 multis
1089 558 1370 647 placeas,
1418 559 1536 623 sed
1584 559 1886 646 qualibus
1934 559 2143 624 stude.

277 675 339 729 9.
390 667 471 729 In
497 667 620 730 hoc
638 669 899 744 (tamen)
923 651 1249 744 incumbe,
1272 671 1345 726 ut
1374 661 1688 727 libentius
1718 661 1945 726 audias
1966 685 2162 749 quam
2185 663 2490 750 loquaris

237 777 339 835 10.
384 767 627 833 Multos
674 769 880 831 vitam
926 765 1296 830 differentes
1327 786 1500 828 mors
1534 765 1782 829 incerta
1811 766 2186 850 praevenit:
2234 765 2494 850 (itaque)

389 871 597 935 omnis
645 868 785 933 dies
831 867 1013 934 velut
1056 866 1325 932 ultimus
1370 865 1762 932 iudicandus
1811 876 1928 930 est.

233 983 339 1038 11.
389 973 789 1054 Tristitiam,
838 971 895 1034 si
941 979 1159 1058 poteS,
1204 991 1289 1034 ne
1330 967 1713 1052 admiseris,
1762 971 1820 1034 si
1863 969 2103 1052 minuS,
2151 991 2232 1034 ne
2277 978 2490 1034 osten-

398 1074 596 1139 deriS.

234 1187 339 1242 12.
384 1177 651 1241 Amicos
696 1184 945 1240 secreto
990 1176 1287 1256 admone,
1334 1174 1550 1261 palam
1595 1172 1810 1237 lauda.

231 1290 334 1346 13.
382 1278 606 1343 Verba
650 1277 866 1361 rebuS,
913 1301 1045 1342 non
1088 1276 1383 1365 personis
1430 1275 1840 1340 aestimanda
1884 1285 2058 1341 sunt.

231 1391 337 1448 14.
388 1382 732 1448 Oratorem
791 1390 857 1445 te
912 1389 1105 1468 puta,
1175 1381 1233 1444 si
1286 1378 1412 1447 tibi
1466 1389 1616 1444 ante
1671 1400 1924 1463 omnes,
1985 1377 2160 1466 quod
2218 1388 2490 1466 oportet,

391 1483 815 1573 persuaseris·
1224 1483 1233 1490 ’

231 1596 336 1654 15.
388 1587 483 1652 Ut
536 1585 877 1652 licentiosa
931 1586 1257 1672 mancipia
1312 1585 1516 1649 animi
1572 1586 1846 1672 imperio
1907 1606 2132 1650 coerce
2178 1585 2488 1671 linguam,

389 1699 707 1771 ventrem,
754 1687 1120 1753 libidinem.

230 1803 335 1859 16.
385 1791 578 1874 Quod
632 1793 900 1856 tacitum
948 1789 1113 1855 velis
1160 1812 1336 1874 esse,
1392 1791 1639 1856 nemini
1701 1789 1971 1854 dixeris.
2062 1788 2134 1855 Si
2178 1789 2303 1855 tibi
2359 1790 2486 1877 ipsi

384 1917 514 1961 non
556 1894 919 1980 imperasti,
965 1891 1289 1980 quomodo
1334 1891 1418 1957 ab
1464 1891 1613 1956 aliis
1667 1892 1998 1957 silentium
2045 1891 2320 1978 speras?

234 2007 335 2063 17.
384 1996 759 2062 Ridiculum
818 2005 915 2061 est
957 1995 1242 2082 aliquem
1286 1994 1436 2061 odio
1481 1995 1775 2061 nocentis
1821 1995 2262 2059 innocentiam
2308 2018 2491 2060 suam

390 2098 685 2186 perdere.

234 2210 339 2267 18.
388 2202 683 2267 Monstro
731 2201 963 2266 similis
1011 2210 1112 2265 est
1154 2201 1436 2266 avaritia
1483 2199 1731 2264 senilis
1809 2200 1989 2280 Quid
2023 2200 2197 2263 enim
2227 2197 2492 2264 stultius

389 2313 509 2387 est,
557 2326 752 2390 quam
795 2305 907 2369 via
953 2303 1295 2368 deficiente
1340 2303 1658 2367 viaticum
1703 2301 1993 2388 augere?

185 2569 319 2625 est'.
414 2566 541 2625 Cod.
573 2570 764 2625 Paria
795 2571 897 2625 lat.
928 2567 1092 2626 4841
1127 2584 1283 2625 saec.
1314 2568 1440 2639 IX,
1487 2584 1654 2641 quem
1682 2570 1742 2623 in
1771 2584 1930 2641 seqq.
1962 2570 2161 2625 littera
2190 2568 2246 2624 P
2273 2570 2492 2639 notavi,

188 2652 303 2729 (cf.
336 2654 615 2727 Philoloq.
667 2653 827 2726 VIII,
867 2653 987 2711 184
1019 2652 1124 2726 sq.)
1182 2652 1438 2709 Libenter
1477 2653 1561 2709 fac
1592 2652 1738 2725 quod
1770 2671 1826 2709 n.
1858 2660 1970 2718 est3
2019 2653 2068 2708 d.
2101 2672 2152 2726 p.
2191 2672 2236 2708 v.
2269 2653 2490 2710 Auson.

204 2741 327 2797 VII
362 2755 492 2809 sap.
540 2738 609 2811 4,
642 2738 681 2794 4
879 2740 911 2796 7
961 2734 996 2773 '¹‘
1028 2738 1268 2813 Specta:
1303 2746 1558 2813 exspecta
1597 2739 1762 2809 libri,
1817 2746 2036 2812 expetas
2082 2738 2304 2795 Haase.
2399 2737 2489 2810 Cf.

188 2826 357 2882 Publ.
392 2824 530 2897 Syri
556 2831 699 2881 sent.
736 2823 851 2880 111
874 2868 889 2897 ,
921 2824 1201 2881 Periand.
1234 2841 1329 2896 ap.
1364 2824 1530 2897 Dioy.
1561 2824 1758 2879 Laert.
1794 2825 1826 2880 1
1847 2866 1862 2894 ,
1896 2823 1972 2880 97
2021 2818 2239 2899 πρᾶττε
2281 2808 2493 2895 ἀμετα-

186 2905 411 2984 μέλητα
558 2909 595 2967 8
641 2910 938 2967 Martinus
970 2909 1297 2965 Dumiensis
1325 2912 1394 2966 de
1419 2910 1594 2981 form.
1627 2910 1760 2966 leon.
1795 2912 1944 2965 vitae
1977 2908 2035 2980 2,
2072 2909 2145 2964 11
2181 2906 2305 2965 enec
2335 2925 2494 2981 quam

189 2995 377 3050 multis
419 2993 513 3049 sed
547 2994 797 3067 qualibus
827 2995 1070 3067 placeas»,
1116 2992 1320 3068 cogita’
1500 2994 1579 3051 10
1621 2988 1834 3070 itaque]
1878 2998 2170 3065 posterior
2209 2998 2494 3050 sententia

188 3099 307 3137 non
350 3081 626 3136 cohaeret
668 3097 799 3137 eum
838 3085 1072 3151 priore.-
1116 3084 1219 3136 illa
1265 3083 1410 3135 enim
1452 3095 1532 3136 ex
1569 3086 1744 3149 poeta
1791 3081 1982 3153 aliquo
2020 3083 2206 3151 petita
2248 3086 2332 3135 est
2363 3078 2492 3151 (vid.

186 3168 420 3238 Proleq.
443 3183 545 3237 pq.
578 3162 711 3237 35),
754 3166 903 3221 haec
947 3172 1033 3221 est
1066 3166 1328 3221 Senecae
1372 3168 1536 3235 epist.
1574 3163 1683 3237 12,
1717 3164 1755 3221 8
1802 3165 2010 3239 ‘itaque
2053 3166 2132 3222 sic
2163 3164 2494 3221 ordinandus

187 3260 279 3307 est
321 3250 435 3306 dies
478 3252 681 3321 omniS,
728 3257 999 3323 tamquam
1042 3259 1202 3324 cogat
1247 3250 1486 3324 agmen'.
1578 3250 1759 3307 Simili
1786 3253 1946 3308 modo
1979 3251 2278 3307 abundant
2299 3253 2492 3322 parti-

188 3338 365 3393 culae
396 3342 573 3390 tamen
605 3334 641 3405 S
674 3336 732 3405 9,
766 3336 907 3390 enim
939 3334 1036 3407 (al.
1063 3333 1264 3407 autem)
1296 3335 1331 3406 S
1363 3334 1424 3408 4,
1458 3351 1592 3409 ergo
1625 3335 1660 3407 S
1695 3334 1772 3392 28
1807 3344 1862 3392 et
1893 3335 1994 3406 56,
2022 3337 2284 3408 fortasse
2313 3337 2494 3409 itaque

186 3423 223 3494 3
261 3420 299 3475 2
450 3420 525 3475 11
573 3421 904 3477 Periander
934 3438 1031 3493 ap.
1064 3421 1217 3478 Stob.
1248 3423 1377 3493 flor.
1414 3420 1474 3491 3,
1510 3421 1611 3491 79,
1648 3421 1712 3476 7:
1762 3415 2071 3494 δυστυχῶν
2103 3411 2323 3492 κρύπτε

189 3505 271 3563 12
322 3502 411 3578 Cf.
442 3506 659 3562 Auson.
710 3505 823 3563 VII
851 3522 983 3579 sap.
1012 3513 1157 3563 sent.
1196 3504 1251 3577 5,
1284 3504 1325 3560 4
1504 3505 1579 3561 13
1629 3505 1760 3563 Sen.
1797 3511 1962 3580 epist.
2000 3506 2100 3580 12,
2136 3508 2211 3563 11
2259 3506 2351 3562 ‘Ut
2380 3507 2492 3576 isti,

185 3592 284 3665 qui
315 3592 369 3647 in
402 3588 561 3646 verba
591 3592 800 3663 iurant,
847 3607 947 3647 nec
979 3592 1109 3666 quid
1138 3590 1347 3647 dicatur
1376 3592 1696 3663 aestimant,
1743 3592 1837 3649 sed
1869 3609 1897 3647 a
1934 3592 2088 3666 quo'.
2177 3592 2335 3649 Male
2368 3594 2492 3647 cod.

106 3690 113 3695 ·
186 3679 404 3749 aliquis
434 3677 760 3750 Pari8.'pro
802 3674 965 3732 rebus
1007 3694 1118 3734 non
1148 3694 1249 3751 pro
1282 3677 1431 3731 sonis
1610 3674 1688 3731 14
1733 3677 1830 3733 tibi
1858 3679 1962 3751 ipsi
1995 3680 2155 3734 codd.
2187 3693 2308 3733 rec.
2343 3679 2497 3749 quod

184 3764 500 3834 irrepsisse
554 3764 779 3818 videtur
822 3778 900 3821 ex
942 3762 977 3834 S
1026 3763 1101 3819 16
1379 3759 1455 3817 15
1503 3761 1665 3816 animi
1707 3758 1964 3839 imperio]
2011 3764 2119 3818 acri
2159 3762 2379 3836 ingenio
2421 3763 2491 3833 Ρ,

184 3848 299 3903 acri
328 3847 486 3903 animi
530 3847 755 3921 imperio
789 3851 1033 3906 coniecit
1065 3848 1122 3904 C.
1170 3847 1443 3905 Schenkl.
1540 3845 1626 3918 Cf.
1657 3846 1822 3920 infra
1864 3847 1900 3919 S
1938 3847 2056 3903 117
2274 3847 2351 3904 16
2402 3847 2493 3919 Cf.

184 3934 401 3997 Auson.
452 3931 570 3990 VII
596 3933 739 4003 Sap.
776 3934 845 4005 7,
877 3934 932 3991 3.
976 3934 1253 3990 Proverb.
1292 3931 1369 3989 75
1415 3948 1601 4003 supra
1633 3949 1736 4006 pq.
1774 3933 1926 4004 101,
1973 3939 2026 3989 et
2055 3933 2222 3989 Lact.
2268 3937 2395 3989 inst.
2433 3934 2490 4004 6,

186 4018 271 4074 23
303 4015 570 4092 ‘iniquum
602 4026 707 4090 est,
741 4026 802 4073 ut
831 4019 885 4075 id
918 4020 1123 4093 exigaS,
1150 4018 1299 4091 quod
1328 4024 1604 4090 praestare
1634 4018 1750 4090 ipse
1783 4035 1893 4074 non
1926 4019 2130 4092 possis’
2265 4018 2342 4074 17
2378 4012 2489 4093 est]

186 4104 334 4159 enim
368 4106 586 4161 addunt
618 4104 765 4174 GbS,
798 4108 868 4162 de
898 4120 1009 4179 quo
1046 4104 1169 4160 vide
1202 4104 1630 4161 adnotationem
1660 4105 1740 4159 ad
1767 4103 1803 4174 S
1838 4104 1920 4162 10
2096 4104 2171 4161 18
2222 4102 2334 4159 Cic.
2370 4103 2489 4159 Cat.

184 4192 321 4244 mai.
359 4188 460 4261 18,
494 4189 572 4246 66
606 4186 861 4247 ‘Avaritia
902 4189 1085 4245 senilis
1118 4190 1247 4262 quid
1291 4187 1392 4245 sibi
1436 4187 1565 4243 velit
1607 4206 1718 4244 non
1753 4189 2030 4265 intellego.
2118 4189 2308 4244 Potest
2350 4189 2490 4243 enim

187 4273 481 4348 quidquam
526 4291 645 4330 esse
689 4274 1005 4347 absurdiuS,
1052 4291 1210 4349 quam
1254 4291 1363 4349 quo
1409 4275 1522 4329 viae
1567 4275 1741 4333 minus
1786 4283 1986 4349 restat,
2041 4290 2106 4329 eo
2150 4272 2272 4346 plus
2317 4274 2492 4329 viatici

189 4374 453 4434 quaerere
472 4359 519 4415 ‘2'
