2917 4950
1072 5 1093 50 l

1064 63 1131 272 k.

900 286 1842 428 suffiruinrmssrumcnssns.
2398 284 2519 348 115

392 449 742 515 Dominari
793 469 892 514 ene
938 429 1124 535 parte
1174 449 1568 530 dinoscitur,
1623 472 1771 514 cum
1815 451 2110 537 superior
2151 449 2519 536 supplicare

1443 551 1758 638 videtur.)

394 654 705 737 (Decima
747 653 909 718 hora
951 654 1193 718 amicos
1239 653 1456 741 plures
1505 675 1698 739 quam
1743 655 1952 741 prima
1993 655 2376 742 repperies.)

394 755 551 839 (Est
593 757 822 872 utique
865 754 1192 843 profunda
1235 756 1608 840 ignorantia
1648 755 1923 840 nescire,
1972 758 2147 842 quod
2191 758 2468 844 pecceS.)

390 855 617 924 Facile
663 858 775 943 qui
820 855 1065 921 faciant
1103 856 1317 921 bene
1299 859 1620 938 mvenias,
1670 880 1816 921 cum
1847 859 1959 943 qui
1993 857 2290 923 fecerunt
2320 857 2518 924 colas.

204 965 341 1024 665
394 957 674 1046 (Frenos
718 960 959 1046 inpone
1004 959 1291 1043 linguae,
1340 959 1601 1045 saepius
1648 955 2264 1047 concupiscentiae.)

393 1059 649 1145 (Grave
694 1071 793 1125 est
832 1061 1066 1145 nimis,
1114 1059 1289 1146 quod
1333 1060 1547 1125 fronte
1593 1059 1764 1125 laeta
1809 1060 2090 1146 dederis,
2136 1062 2314 1126 tristi
2357 1062 2518 1126 reci-

1107 1163 1313 1249 pere.)

394 1263 684 1329 Humilis
729 1285 849 1328 nec
891 1239 1022 1328 alte
1068 1263 1324 1347 cadere,
1377 1285 1500 1327 nec
1542 1265 1835 1349 graviter
1877 1273 2112 1351 potest.

389 1367 680 1431 Lucrum
726 1377 827 1432 est
869 1366 1163 1431 dolorem
1207 1387 1400 1452 posse
1444 1365 1681 1430 damno
1730 1368 2138 1452 extinguere.

393 1468 648 1553 (Mutus
682 1478 800 1551 est,
844 1469 903 1534 si
932 1467 1172 1556 psallat
1202 1467 1555 1555 superbus:
1602 1466 1868 1532 humilis
1901 1468 2236 1533 dominum
2270 1466 2521 1550 laudat,

1108 1572 1305 1635 etiam
1351 1592 1497 1634 cum
1542 1568 1805 1633 videtur
1848 1569 2088 1635 habere
2133 1569 2518 1655 silentium.)

217 1681 301 1738 67
306 1680 353 1738 O
399 1670 584 1757 (Plus
627 1674 871 1738 amicos
917 1694 1141 1737 mensa
1185 1694 1377 1759 quam
1420 1693 1604 1735 mens
1651 1672 1938 1758 concipit
1981 1672 2204 1759 bona.)

398 1773 533 1854 Qui
576 1773 803 1838 amicis
848 1753 1071 1840 multis
1119 1773 1361 1857 studet,
1408 1783 1475 1838 et
1518 1772 1818 1837 inimicos
1864 1772 2054 1839 ferat.

396 1873 536 1956 Qui
582 1897 727 1940 sese
768 1885 1034 1941 accusat
1076 1877 1243 1963 ipse,
1288 1875 1374 1940 ab
1417 1873 1566 1940 alio
1592 1897 1723 1939 non
1767 1883 1999 1962 potest.

217 2122 480 2194 superior
522 2137 641 2177 cum
684 2119 952 2194 supplicat
996 2115 1303 2192 Hauptius'
1489 2121 1606 2178 661
1655 2114 1688 2149 '⁵‘
1719 2136 1839 2176 cum
1883 2123 2011 2177 coll.
2053 2140 2102 2178 v.
2137 2120 2288 2178 660:
2335 2124 2421 2178 cui
2459 2124 2522 2179 T.

216 2206 490 2262 Macrob.
527 2206 649 2261 Sat.
681 2205 739 2278 2,
769 2205 804 2262 7
838 2205 1111 2261 ‘Potestas
1143 2223 1254 2261 non
1284 2206 1484 2278 solum,
1517 2208 1564 2260 si
1592 2206 1801 2276 invitat,
1833 2205 1928 2261 sed
1960 2208 2117 2261 etiam
2150 2208 2196 2262 si
2227 2207 2520 2280 supplicet,

216 2290 419 2363 cogit?
507 2291 833 2347 Scriberem
864 2291 1178 2346 Dominatur
1219 2292 1446 2364 partim,
1491 2290 1740 2364 superior
1773 2307 1894 2346 cum
1925 2290 2226 2364 supplicat,
2269 2295 2383 2347 nisi
2404 2293 2519 2364 fri·

218 2383 387 2450 yeret
436 2377 631 2448 partim
676 2383 730 2431 et
770 2379 923 2432 ultro
970 2391 1031 2431 se
1072 2378 1317 2448 offerret
1359 2379 1646 2452 suspiciO,
1700 2380 2036 2432 sententiam
2082 2391 2206 2431 esse
2259 2379 2520 2450 eandem,

221 2479 399 2535 qaam
442 2461 729 2519 Gruterus
769 2481 824 2517 a.
864 2459 1028 2518 1610
1062 2464 1310 2532 protulit
1352 2464 1610 2519 numeris
1664 2461 1805 2517 bene
1849 2463 2294 2519 commendatam
2337 2460 2521 2537 ‘Cogit

221 2545 506 2619 rogandO,
560 2562 681 2601 cum
729 2553 891 2620 rogat
941 2548 1264 2620 potentior'.
1353 2548 1443 2603 An
1487 2553 1573 2602 est
1619 2549 2017 2618 paraphrasis
2064 2566 2113 2603 v.
2161 2546 2322 2603 544?

226 2630 349 2688 662
414 2631 650 2687 Videtur
673 2632 869 2705 fuisse
900 2636 1185 2687 senarius.
1253 2633 1373 2687 Pro
1404 2624 1709 2705 repperies]
1741 2632 1948 2687 invenis
1982 2635 2072 2688 vel
2099 2633 2303 2687 invenit
2333 2636 2520 2703 scrip-

222 2719 297 2771 sit
334 2714 614 2788 Orellius,
656 2717 892 2789 reperiet
934 2720 1135 2773 omisso
1180 2732 1337 2789 quam
1369 2718 1698 2786 Hauptius,
1741 2718 1895 2788 quod
1930 2720 2117 2772 minus
2151 2714 2352 2787 placet

226 2800 349 2857 663
398 2797 489 2872 Cf.
523 2820 572 2856 v.
609 2800 727 2857 271
924 2800 1045 2858 664
1092 2802 1185 2874 qui
1228 2801 1424 2856 saciant
1465 2800 1602 2855 bene
1633 2801 1965 2873 Hauptius:
2010 2817 2116 2874 que
2147 2800 2351 2871 faciunt
2381 2800 2522 2857 bona

229 2886 281 2940 T
447 2880 478 2913 ³¹²
507 2886 774 2940 invenias:
820 2887 1058 2941 invenies
1098 2886 1148 2942 Τ
1312 2902 1434 2941 cum
1468 2886 1560 2959 qui
1602 2883 1849 2941 lecerunt
1879 2886 2209 2956 Hauptius:
2254 2902 2374 2941 oum
2407 2886 2521 2941 lau-

224 2968 514 3043 dandoque
556 2968 803 3025 fecerunt
840 2970 890 3026 Τ
1095 2965 1327 3026 *colasz
1376 2970 1524 3026 coles
1562 2969 1611 3024 R
1825 2969 1946 3027 665
1991 2965 2220 3046 inpone]
2267 2975 2522 3043 oportuit
2591 3028 2597 3031 .

222 3054 452 3127 inponas
624 3047 659 3085 '¹‘
689 3056 1190 3127 concupiscentiae,
1226 3060 1262 3112 i.
1300 3072 1347 3111 e.
1380 3057 1634 3112 libidini:
1679 3056 2005 3111 conscientia
2044 3056 2104 3126 T,
2151 3056 2276 3129 peni
2305 3057 2519 3149 saepius

230 3138 426 3199 Orelli.
519 3138 608 3211 Cf.
641 3140 1005 3197 Anacharsis
1035 3141 1198 3212 apud
1224 3140 1880 3212 Dioy.Laert.1,104
1912 3132 2208 3214 γλώσσης,
2240 3127 2520 3216 γαστρὸς,

222 3218 467 3277 αἰδοίων
498 3224 758 3316 κρατεῖν,
792 3225 914 3280 Nili
940 3232 1181 3281 sentent
1219 3225 1338 3281 171
1372 3225 1597 3297 (Orelli,
1630 3242 1826 3296 opusc.
1859 3244 1998 3282 mor.
2033 3226 2084 3281 I.
2119 3225 2266 3299 344)
2296 3221 2352 3281 εἰ
2377 3244 2520 3299 κρα-

222 3310 341 3378 τεῖς
370 3294 655 3382 γαστρὸς,
699 3302 903 3380 κράτει
933 3303 1033 3364 καὶ
1066 3300 1361 3408 γλώσσης,
1404 3311 1758 3367 Pseudosen.
1794 3314 1864 3367 de
1893 3328 2034 3367 mor.
2072 3310 2189 3366 117
2236 3310 2324 3366 ‘Ut
2355 3312 2520 3367 licen·
2566 3378 2576 3388 ,

224 3395 366 3449 tiosa
406 3394 668 3466 mancipia
710 3396 870 3450 animi
911 3395 1138 3468 imperio
1181 3412 1314 3470 rege
1357 3394 1631 3469 linguam,
1674 3394 1982 3465 libidinem,
2025 3398 2314 3451 ventrem)

227 3478 349 3535 666
394 3473 425 3507 *
456 3480 644 3534 nimis:
692 3480 833 3534 enim
872 3480 921 3534 T
928 3504 944 3542 ,t
990 3480 1067 3551 cf.
1102 3500 1151 3537 v.
1183 3480 1328 3538 360:
1361 3480 1483 3537 532
1659 3481 1800 3535 tristi
1836 3479 2044 3537 Orelli.-
2088 3482 2245 3536 triste
2283 3481 2346 3540 Τ.
2408 3481 2524 3537 Sed

224 3570 329 3619 aut
358 3566 694 3620 octonarius
723 3582 837 3619 non
868 3573 953 3621 est
985 3564 1239 3636 Publilii,
1272 3571 1373 3621 aut
1397 3566 1518 3637 fuit
1548 3569 1845 3621 senarius:
1891 3564 2057 3620 Grave
2087 3571 2202 3637 est,
2236 3565 2382 3639 quod
2413 3565 2520 3620 lae·
2605 3570 2612 3578 '

228 3657 316 3703 tus
358 3648 607 3717 dederiS,
652 3650 862 3704 tristem
905 3651 1145 3724 recipere
1332 3649 1451 3707 667
1503 3648 1588 3721 Cf.
1624 3668 1674 3708 v.
1712 3650 1828 3706 162
1874 3656 1928 3706 et
1960 3651 2072 3706 Cic.
2110 3656 2258 3706 orat.
2295 3648 2406 3719 28,
2439 3648 2518 3705 98

229 3730 458 3787 ‘medius
504 3730 734 3805 (orator)
785 3732 892 3789 alte
932 3734 1122 3790 cadere
1164 3751 1272 3790 non
1312 3734 1544 3807 potest.'
1778 3735 1899 3792 668
1963 3736 2179 3792 Versus
2218 3735 2520 3806 hucusque

223 3821 545 3890 iynoratuS,
578 3826 773 3888 utpote
798 3835 913 3889 per
944 3835 1204 3877 errorem
1234 3821 1475 3877 omissus
1504 3819 1578 3875 ab
1614 3818 1823 3876 Orellio
2023 3818 2144 3875 669
2195 3818 2283 3889 Cf.
2314 3818 2517 3875 Demo-

220 3904 371 3973 phili
398 3909 543 3959 sent.
578 3902 613 3959 6
648 3894 854 3972 Σοφὸς
886 3898 986 3959 καὶ
1020 3900 1206 3978 σιγῶν
1236 3890 1340 3959 τὸν
1371 3891 1524 3959 θεὸν
1551 3902 1693 3983 τιμᾷ
1853 3904 1975 3961 670
2025 3902 2288 3975 oportuit
2316 3907 2519 3960 saltem

226 3987 445 4059 plures,
478 3996 541 4043 ut
572 4006 619 4043 v.
655 3988 775 4047 662
922 3990 1068 4047 ’671
1119 3984 1149 4017 *
1181 3993 1449 4046 correxi.-
1494 3991 1586 4061 qui
1616 3990 1918 4044 numerosis
1949 3997 2020 4045 st.
2057 4006 2102 4044 a.
2140 3996 2195 4044 et
2224 3990 2258 4043 i.
2293 4005 2520 4045 necesse

228 4080 312 4127 cst
342 4072 479 4128 ferat
516 4072 587 4136 Τ;
636 4073 715 4146 cf.
752 4078 832 4131 ad
856 4094 907 4131 v.
945 4075 1039 4131 10.
1149 4076 1382 4131 Versum
1427 4076 1784 4131 trochaicum
1817 4075 1897 4129 M.
1931 4074 2232 4147 Hauptius
2273 4078 2522 4131 restituit

225 4158 413 4213 leuno.-
454 4155 555 4223 Qui
587 4161 889 4215 numerosis
922 4159 1107 4214 studet
1146 4160 1357 4229 amiciS,
1403 4160 1447 4213 is
1481 4160 1640 4215 etiam
1670 4160 1916 4215 inimicos
1947 4158 2083 4215 ferat
2257 4158 2377 4216 672
2426 4160 2516 4233 qui

225 4249 399 4297 semet
438 4250 670 4298 accusat.
710 4243 773 4298 ab
816 4244 918 4300 alio
962 4261 1070 4300 non
1102 4252 1286 4318 potest
1317 4244 1584 4299 criminari
1623 4245 1694 4300 T:
1728 4247 2045 4311 emendavit
2075 4242 2156 4299 M.
2193 4244 2518 4315 Hauptius,·

228 4326 308 4397 cf.
345 4328 425 4383 ad
446 4345 500 4409 p.
535 4326 675 4383 654.
769 4329 1041 4385 Similiter
1072 4328 1207 4385 Sen.
1241 4330 1377 4385 dial.
1411 4328 1481 4399 2,
1520 4329 1628 4399 17,
1663 4328 1699 4384 2
1746 4328 1984 4386 emateria
2027 4327 2394 4401 petulantibus
2427 4328 2517 4383 de—

2040 4427 2109 4475 8*
