2917 4950
525 321 610 386 22
1393 337 1939 386 PROLEGOMENA.

527 491 628 556 VI
641 540 661 574 ‚
709 499 774 555 et
817 489 980 555 libb.
1027 491 1256 556 XXX.
1303 500 1368 555 et
1413 490 1681 556 XXXI.
1731 490 1978 579 speculi
2030 489 2379 572 naturaliS,
2438 490 2765 577 praemissis

529 593 916 682 plerumque
969 591 1191 656 verbis
1258 593 1400 657 ‘Ex
1456 592 1824 680 proverbiis
1881 593 2301 680 Sapientum’
2356 591 2442 655 ad
2498 591 2768 654 ducentas

527 696 906 777 sententias,
951 703 1084 758 tam
1126 695 1442 779 genuinas
1490 717 1681 782 quam
1718 694 2105 760 subditicias
2146 693 2293 758 illas
2324 702 2388 758 et
2418 692 2604 780 quasi
2632 694 2770 756 vica—

529 798 695 880 rias,
743 795 982 860 multas
1027 795 1281 861 duobus
1326 795 1623 862 tribusve
1652 795 1833 862 locis.
1921 796 2059 860 Nec
2088 794 2270 860 aliud
2300 794 2647 882 quidquam
2676 793 2773 856 nisi

529 898 878 986 proverbia
915 897 1034 962 illa
1063 899 1396 984 cognitum
1429 907 1568 962 erat
1599 896 1895 963 Waltero
1925 898 2189 962 Burleio
2221 899 2584 984 ceterisque
2614 895 2777 960 medii

527 1001 676 1065 aevi
721 1000 1177 1088 scriptoribus,
1223 1023 1386 1087 quos
1397 1021 1809 1068 oenumerare
1852 1022 1981 1065 non
2024 1001 2281 1068 attinet.
2370 999 2557 1064 Haec
2598 999 2776 1063 hacte-

529 1125 652 1168 nus
697 1101 780 1165 de
823 1100 1156 1168 codicibus
1201 1100 1539 1168 mutilatis.

699 1202 991 1268 Alterius
1048 1203 1348 1269 codicum
1403 1204 1628 1292 stirpis
1645 1253 1663 1288 ‚
1722 1203 1829 1267 cui
1884 1203 2143 1291 plenam
2200 1203 2517 1268 debemus
2562 1212 2781 1268 senten—

529 1306 768 1370 tiarum
825 1303 1305 1389 collectionem,
1366 1303 1727 1370 litterarum
1774 1303 2007 1371 N—V
2040 1303 2214 1370 ultra
2271 1305 2587 1371 ducentas
2632 1327 2783 1370 sexa-

530 1407 716 1492 ginta
767 1415 834 1471 et
887 1407 1168 1494 priorem
1230 1415 1482 1494 partem
1538 1416 1797 1472 centum
1855 1407 1994 1472 fere
2051 1407 2349 1474 versibus
2406 1408 2785 1496 ampliorem,

532 1531 700 1573 unus
757 1517 858 1573 est
910 1517 1302 1596 propagator
1353 1509 1565 1573 codex
1609 1509 2073 1595 Frisingensis.
2163 1511 2332 1574 Nam
2374 1531 2589 1598 neque
2632 1510 2785 1574 Turi-

534 1631 793 1676 censem
835 1621 948 1676 aut
991 1609 1360 1675 Parisinum
1403 1611 1569 1676 8027
1619 1611 1723 1696 (π)
1772 1613 1913 1699 pari
1958 1611 2099 1677 loeo
2145 1613 2385 1699 ponere
2430 1612 2619 1695 licet,
2674 1633 2789 1675 cum

533 1734 771 1801 paucas
825 1723 1077 1778 tantum
1121 1713 1499 1800 posterioris
1543 1715 1747 1800 partis
1794 1712 2078 1798 (N—V')
2126 1716 2488 1779 sententias
2534 1712 2788 1780 tradide

533 1816 695 1899 rint,
740 1837 860 1880 nec
905 1813 1483 1880 Vindobonensem
1524 1825 1636 1880 aut
1680 1814 2124 1880 Palatinorum
2168 1818 2521 1904 optimum,
2571 1819 2640 1882 in
2680 1817 2791 1902 qui-

533 1916 656 1982 bus
701 1939 850 2004 pars
895 1939 1207 1982 novarum
1251 1916 1723 1982 sententiarum
1768 1937 1807 1980 a
1832 1915 2071 1982 litteris
2102 1917 2347 1984 A—M
2368 1919 2791 2007 incipientium
2871 1946 2873 1950 v

537 2028 796 2084 servata
840 2028 962 2084 est.

705 2119 799 2186 Ut
853 2129 1067 2186 autem
1115 2119 1557 2207 Frisingensis
1600 2120 2069 2208 amplissimam
2114 2125 2589 2188 sententiarum
2634 2121 2795 2188 colle-

535 2224 816 2288 ctionem
861 2222 1163 2305 exhibet,
1217 2225 1343 2305 ita,
1390 2222 1445 2288 si
1492 2224 1932 2300 sinceritatem
1976 2224 2339 2312 scripturae
2384 2237 2676 2314 speeteS,
2718 2245 2797 2286 co-

537 2324 797 2388 dicibus
852 2323 1094 2389 saeculi
1149 2325 1304 2388 noni
1359 2347 1437 2388 ae
1492 2325 1730 2390 decimi
1784 2326 2057 2393 inferior
2102 2337 2224 2394 est.
2311 2328 2404 2393 Ut
2447 2337 2697 2393 taceam
2737 2323 2802 2386 de

538 2425 928 2514 quibusdam
959 2425 1476 2511 interpolationis
1508 2427 1830 2514 vestigiis,
1874 2429 2257 2516 praesertim
2287 2428 2446 2494 ordo
2482 2430 2804 2495 verborum

540 2529 801 2616 saepius
845 2529 1010 2593 adeo
1054 2528 1351 2595 turbatus
1397 2540 1517 2615 est,
1563 2540 1635 2595 ut
1680 2530 1932 2596 librarii
1960 2553 2149 2595 aures
2179 2554 2219 2595 a
2248 2532 2656 2597 senariorum
2684 2528 2804 2594 icti-

538 2630 663 2696 bus
722 2631 968 2698 alienas
1032 2631 1238 2697 fuisse
1303 2641 1545 2720 pateat.
1637 2633 1945 2699 Servavit
2009 2643 2225 2698 tamen
2282 2655 2450 2698 unus
2507 2633 2811 2700 vocabula

536 2734 787 2823 aliqua,
847 2757 1014 2822 quae
1056 2736 1126 2800 in
1169 2737 1403 2801 ceteris
1459 2736 1796 2802 codicibus
1852 2735 2152 2802 omnibus
2198 2735 2705 2819 interciderunt,
2757 2756 2807 2795 v.

544 2838 666 2901 132
705 2858 911 2921 saepe,
970 2823 1097 2903 244
1138 2841 1356 2920 etiam,
1413 2840 1540 2905 263
1584 2841 1751 2922 quod
1788 2840 1967 2905 videt.
2056 2838 2303 2903 Iisdem
2347 2839 2489 2913 fer-e²
2534 2850 2605 2905 et
2651 2836 2809 2902 vitiis

543 2949 606 3004 et
637 2940 1386 3028 virtutibus'praecellit,
1433 2942 1544 3028 qui
1577 2943 1637 3005 ei
1668 2942 1855 3027 quasi
1872 2942 2403 3027 'consanguineus
2448 2950 2569 3025 est,
2622 2939 2814 3005 codex
2884 2964 2886 2997 ι

540 3040 1072 3107 Vindobonensis
1106 3040 1464 3124 mutilatus,
1511 3043 1623 3127 qui
1668 3040 1791 3107 hoc
1819 3041 2150 3127 singulare
2178 3042 2395 3124 habet,
2442 3044 2621 3129 quod
2654 3041 2813 3109 solus

542 3142 783 3207 formas
827 3141 1076 3230 aliquas
1135 3152 1427 3209 vetustas
1475 3141 1771 3226 exhibet,
1818 3152 1889 3208 ut
1933 3166 1998 3207 v.
2048 3143 2123 3208 18
2157 3150 2334 3227 pote,
2381 3144 2466 3209 84
2507 3145 2815 3228 reprendi-

547 3264 700 3324 muS,
747 3245 831 3309 92
861 3246 1190 3328 periclum.
1278 3246 1462 3310 Inter
1506 3254 1753 3310 ceteros
1786 3245 2159 3311 Turieensis
2190 3244 2413 3333 aliqua
2443 3268 2643 3312 verae
2674 3245 2815 3311 scri-

543 3356 770 3434 pturae
815 3349 1096 3433 vestigia
1140 3346 1313 3415 solus
1360 3368 1658 3412 servasse
1702 3346 1988 3431 videtur,
2035 3346 2151 3411 sed
2196 3370 2272 3411 ea
2315 3349 2567 3413 incerta
2611 3340 2820 3413 reddit

545 3448 1078 3536 interpolatorum
1121 3450 1418 3533 licentia,
1467 3470 1630 3536 quae
1674 3458 1855 3513 tanta
1899 3459 2030 3533 est,
2076 3459 2149 3514 ut
2193 3472 2359 3536 quae
2400 3472 2618 3514 merae
2665 3448 2817 3514 lubi-

545 3550 685 3618 dini
741 3550 1090 3616 tribuenda
1143 3552 1305 3635 sint,
1367 3573 1532 3639 quae
1578 3550 1915 3616 codicibus
1961 3550 2067 3615 vel
2112 3550 2491 3616 melioribus
2537 3551 2648 3614 vel
2695 3571 2819 3614 cor·

542 3653 786 3741 ruptis,
843 3675 1038 3740 aegre
1091 3675 1283 3741 saepe
1328 3654 1674 3719 diiudices.
1762 3652 2006 3742 Aliqua
2049 3664 2266 3718 tamen
2309 3651 2823 3739 interpolationis

544 3766 831 3821 monstra
875 3765 1018 3821 orta
1062 3776 1203 3819 esse
1245 3757 1555 3821 videntur
1600 3778 1685 3821 ex
1716 3755 1939 3825 codice
1968 3765 2083 3820 aut
2112 3765 2417 3842 corrupto
2448 3764 2563 3819 aut
2594 3754 2821 3820 litteris

545 3858 758 3922 minus
805 3856 994 3922 elaris
1033 3858 1298 3946 scripto,
1344 3858 1556 3923 veluti
1585 3882 1650 3923 v.
1684 3860 1761 3923 91
1796 3860 2154 3943 inyratuitu
2186 3856 2285 3943 (in
2322 3858 2607 3941 qratiam
2651 3856 2821 3940 tuto),

545 3958 670 4025 483
702 3963 862 4043 petit
907 3960 1220 4045 (potenti).

717 4059 904 4141 Quae
964 4083 1110 4125 cum
1165 4061 1258 4126 ita
1301 4064 1464 4146 sint,
1521 4063 1804 4129 Parisini
1852 4062 1955 4128 Pa
2000 4070 2065 4126 et
2111 4060 2232 4145 Pb,
2279 4058 2823 4146 Rheinaugiensis

545 4171 742 4249 atque
771 4162 1154 4229 Basiliensis
1201 4163 1282 4228 de
1327 4164 1543 4251 palma
1586 4174 1857 4229 certant.
1946 4163 2244 4245 Quorum
2289 4164 2345 4228 si
2376 4162 2821 4243 Basiliensem‚

548 4265 660 4352 qui
705 4265 845 4353 ipse
891 4264 1269 4331 Basiliensis
1316 4269 1473 4349 sim,
1532 4268 1847 4354 optimum
1892 4287 2038 4331 esse
2088 4265 2269 4349 dico,
2322 4288 2717 4352 quamquam
2760 4265 2825 4328 in

547 4369 670 4433 hoc
724 4389 978 4457 quoque
1032 4367 1238 4435 multa
1294 4366 1593 4433 socordia
1646 4377 1911 4457 peccata
1966 4378 2151 4453 sunt,
2211 4367 2279 4434 id
2334 4390 2465 4432 non
2518 4366 2592 4430 fit
2638 4388 2822 4432 caeco
