2917 4950
1083 371 1632 419 PRoLsGoMENA.
2196 349 2208 359 ’
2470 358 2511 420 5

158 545 447 618 ¹semus.
525 523 738 604 ‘Quod
789 546 975 590 secus
1022 545 1092 589 se
1135 524 1376 588 habere
1421 524 1545 589 hoc
1588 524 2065 590 loco-breviter
2109 527 2506 590 monendum

153 637 160 644 '
207 627 611 712 putavimus.
649 635 658 644 ‘

381 727 513 794 Sed
557 750 640 792 ne
681 729 1048 792 accuratius
1093 729 1603 813 investigemus,
1659 730 1833 816 quod
1877 729 2074 794 fuerit
2120 739 2351 816 poetae
2394 720 2507 796 no-

207 851 362 894 men
406 852 700 917 quaeque
747 832 885 894 eius
930 832 1165 916 patria,
1212 831 1554 894 videamus
1588 852 1716 916 qua
1746 831 1997 915 ingenii
2026 830 2247 895 indole
2275 854 2511 896 nomen

201 955 400 996 suum
454 931 804 999 immortali
860 929 1262 1018 posteritatis
1308 934 1659 998 memoriae
1704 932 2279 1020 commendaverit.
2368 934 2507 998 Ma-

203 1034 468 1098 crobius
527 1035 728 1118 igitur
783 1036 854 1098 in
900 1033 1035 1100 Sat.
1081 1035 1155 1116 2,
1203 1036 1271 1115 7,
1316 1034 1357 1098 6
1405 1056 1543 1121 seq.
1590 1035 1751 1098 haec
1795 1033 2101 1099 tradidit:
2167 1034 2507 1116 Publilius,

201 1139 461 1202 natione
503 1137 706 1220 Syrus
721 1187 735 1214 ,
795 1157 936 1201 oum
971 1153 1137 1219 puer
1152 1138 1270 1224 ‘ad
1299 1143 1652 1218 patronam
1696 1137 1939 1200 domini
1982 1141 2132 1201 esset
2174 1139 2503 1217 adductas,

193 1241 554 1320 promeruit
595 1260 737 1302 eam
765 1259 893 1303 non
923 1241 1136 1304 minas
1163 1241 1404 1304 salibus
1433 1244 1491 1304 et
1518 1241 1771 1322 inqenio
1802 1259 1996 1320 qaam
2022 1239 2253 1319 forma.
2327 1240 2506 1305 Nam

196 1342 362 1421 forte
404 1361 546 1404 eam
589 1341 691 1406 ille
732 1361 982 1406 servam
1023 1361 1210 1406 suam
1249 1341 1663 1430 hydropicam
1692 1343 1994 1406 iacentem
2022 1343 2095 1405 in
2125 1363 2281 1406 area
2308 1344 2503 1407 vidis-

197 1447 294 1508 set
335 1444 872 1524 increpuissetqae‚
921 1444 1078 1526 qaid
1117 1447 1189 1507 in
1230 1445 1355 1508 sole
1394 1443 1644 1523 faceret,
1692 1445 2016 1526 respondit
2043 1442 2303 1524 Aquam
2344 1445 2503 1509 eale·
2564 1430 2575 1434 “

195 1546 376 1625 facit.
466 1544 751 1609 [oculari
795 1545 1014 1610 deinde
1055 1551 1244 1626 saper
1287 1566 1438 1610 cena
1484 1550 1700 1610 exorta
1744 1547 2102 1626 quaestione
2115 1596 2130 1624 ,
2180 1547 2500 1628 quodnam

199 1651 357 1711 esset
397 1647 718 1712 molestam
762 1649 975 1726 otiam,
1024 1648 1206 1712 aliud
1249 1648 1374 1711 alio
1421 1649 1721 1729 opinante
1764 1648 1884 1726 ille,
1921 1646 2269 1730 Podayrioi
2286 1651 2493 1730 pede&

199 1750 381 1812 dixit.
475 1747 564 1812 Ob
620 1749 770 1814 haee
814 1753 871 1813 et
914 1750 1048 1814 alia
1098 1769 1298 1813 mana
1342 1751 1570 1813 missas
1614 1753 1671 1813 et
1712 1751 1951 1813 maiore
1994 1770 2152 1814 cura
2195 1750 2499 1828 eruditas,

197 1871 344 1914 oum
397 1853 621 1916 mimos
673 1855 1058 1932 componeret
1109 1853 1465 1934 inqentiqae
1521 1852 1792 1916 adsensu
1846 1852 1917 1914 in
1961 1850 2199 1916 Italiae
2252 1853 2503 1934 oppidis

197 1974 387 2035 agere
441 1956 756 2035 coepisset,
802 1954 1150 2036 productas
1205 1957 1292 2017 est
1336 1952 1581 2018 Romae
1623 1974 1745 2038 per
1792 1953 2087 2019 Caesaris
2147 1955 2341 2032 ludose
2433 1953 2505 2018 Si

196 2075 361 2120 vero
407 2053 713 2119 subtilius
763 2076 1058 2140 quaeraS,
1105 2077 1236 2118 non
1280 2053 1654 2119 Macrobius
1702 2053 1821 2117 sed
1854 2053 2109 2118 Gellius
2156 2054 2271 2122 lib.
2304 2055 2501 2120 VIII.

195 2179 344 2242 cap.
381 2156 460 2221 15
489 2155 646 2220 haec
691 2158 938 2242 primus
985 2154 1342 2220 tradidisse
1390 2155 1749 2220 censendus
1806 2164 1923 2240 est,
1973 2157 2148 2242 quod
2182 2166 2244 2220 et
2275 2155 2502 2244 deper-

196 2259 328 2321 diti
384 2256 558 2321 illius
618 2257 771 2321 libri
827 2257 1021 2324 docet
1081 2259 1541 2340 summarium,
1600 2279 1723 2320 nec
1778 2257 2085 2322 abhorret
2129 2281 2170 2321 a
2213 2258 2503 2324 moribus

195 2359 556 2442 Macrobii,
617 2381 809 2446 quem
854 2359 1176 2446 permulta
1219 2359 1635 2447 impudenter
1677 2373 1738 2423 a·
1762 2358 1979 2424 Gellio
2026 2360 2314 2426 furatum
2359 2357 2503 2424 esse

193 2485 392 2527 nemo
435 2446 666 2527 nescit.
759 2460 954 2543 Quod
999 2471 1215 2527 autem
1249 2461 1603 2528 Suetonius
1650 2463 1718 2525 in
1764 2461 1877 2526 illo
1922 2460 2005 2526 de
2035 2463 2197 2528 viris
2229 2461 2499 2527 illustri-

193 2566 324 2629 bus
356 2564 546 2647 libro,
593 2587 720 2651 quo
752 2575 1088 2655 poetarum
1119 2564 1469 2630 latinorum
1502 2566 1673 2629 vitas
1707 2564 2083 2651 complexus
2116 2574 2237 2647 est,
2270 2566 2498 2629 Publi-

195 2667 360 2731 lium
407 2666 579 2731 dixit
623 2665 1146 2751 mimoyrapham,
1194 2654 1549 2731 Laberium
1596 2676 1819 2731 contra
1864 2670 2203 2732 mimorum
2241 2669 2500 2749 scripto-

194 2790 361 2847 rem,
423 2768 493 2833 id
547 2768 794 2833 nullam
837 2769 1033 2845 aliam
1079 2769 1162 2833 ob
1210 2767 1471 2833 causam
1517 2769 1765 2832 factum
1812 2789 1955 2832 esse
1999 2768 2314 2849 arbitror,
2370 2770 2503 2833 nisi
2528 2810 2538 2830 .-

196 2870 375 2956 quod
431 2870 530 2933 illi
585 2872 784 2935 moris
845 2882 984 2936 erat
1039 2881 1264 2958 poetas
1311 2868 1510 2935 Italia
1567 2870 1876 2934 oriundos
1932 2868 2135 2934 latino
2182 2870 2501 2935 vocabulo

195 2973 551 3058 scriptores
597 2973 948 3060 appellare,
995 2984 1067 3039 ut
1095 2974 1375 3037 Accium
1419 2958 1925 3057 tragoediarum,
1972 2970 2301 3037 Lucilium
2346 2974 2499 3037 sati-

192 3096 438 3157 rarum,
489 3072 836 3153 Quintium
868 3076 1097 3139 Attam
1141 3085 1527 3161 togatarum,
1560 3075 1993 3162 Pomponium
2023 3074 2500 3140 Bononiensem

193 3174 652 3241 Atellanarum
697 3179 1103 3263 scriptorem,
1152 3176 1484 3242 Catullum
1530 3176 1829 3263 lyricum,
1877 3176 2315 3242 Fenestellam
2362 3176 2497 3245 car-⁸

191 3280 446 3343 minum
478 3280 860 3365 scriptorem
892 3280 1088 3361 dixit,
1135 3279 1310 3343 idem
1342 3289 1568 3344 contra
1597 3278 2053 3344 Philistionem
2084 3280 2499 3365 Magnesiam

191 3381 740 3468 mimographum.
832 3380 1248 3468 Quamquam
1291 3404 1424 3447 non
1463 3382 1865 3467 negaverim,
1914 3383 2273 3447 maximum
2304 3384 2499 3447 inter-

194 3484 432 3548 cedere
491 3481 848 3547 discrimen
905 3486 1076 3548 inter
1121 3483 1480 3549 Publilium
1527 3495 1590 3549 et
1634 3484 2020 3549 Laberium.
2089 3485 2262 3571 quod
2310 3484 2500 3578 quale

195 3595 374 3650 esset
419 3606 564 3682 cum
594 3585 808 3650 adhuc
849 3584 1086 3650 multos
1119 3586 1423 3671 fugisset,
1471 3586 1718 3651 factum
1750 3596 1868 3669 est,
1916 3596 1988 3651 ut
2020 3597 2085 3651 et
2116 3587 2197 3650 de
2227 3585 2500 3650 Publilii

191 3688 540 3753 sententiis
604 3688 734 3751 viri
799 3677 975 3751 docti
1031 3689 1248 3752 minus
1303 3697 1482 3752 recte
1538 3689 1936 3771 iudicarent,
2006 3699 2071 3754 et
2125 3687 2239 3753 illa
2296 3687 2500 3752 Plinii

192 3790 404 3854 verba
447 3789 826 3855 ‘Publiliam
855 3791 1144 3855 mimicae
1173 3811 1435 3856 scaenae
1464 3792 1863 3857 conditorem’
1896 3813 2259 3878 perperam
2296 3792 2497 3855 inter-

193 3901 632 3979 pretarentur.

371 3993 816 4073 Quamobrem
881 4016 1117 4081 operae
1183 3996 1467 4081 pretium
1532 4016 1675 4058 esse
1731 3995 1993 4060 videtur
2049 3994 2240 4083 paulo
2300 3989 2508 4059 altius'

192 4098 523 4184 repetere,
579 4105 652 4161 ut
713 4097 1077 4164 accuratius
1134 4097 1487 4178 noscatur,
1529 4095 1703 4159 unde
1759 4099 2006 4179 mimi,
2070 4099 2181 4183 qui
2226 4096 2496 4160 Publilii

189 4208 413 4264 aetate
469 4220 545 4261 ac
593 4197 832 4262 deinde
889 4199 1010 4263 sub
1058 4198 1448 4283 Caesaribus
1496 4220 1581 4261 ex
1622 4208 1817 4283 gente
1862 4198 2032 4264 Iulia
2075 4208 2256 4263 tanto
2304 4220 2497 4286 opere

191 4300 733 4384 celebrabantur,
793 4301 1112 4386 originem
1168 4302 1490 4366 traxerint
1542 4310 1605 4365 et
1651 4300 1972 4387 quomodo
2030 4300 2343 4388 paulatim
2389 4323 2495 4365 ex-

193 4403 358 4467 culti
389 4404 550 4528 sintg
610 4404 712 4467 Ac
743 4405 1024 4490 primum
1056 4404 1319 4490 quidem
1351 4413 1606 4469 constat
1637 4405 1867 4471 mimos
1898 4404 2259 4501 antiquitus
2291 4402 2495 4469 fuisse
