2917 4950
560 1345 999 1433 Sententiae
1059 1345 1252 1431 falso
1312 1346 1517 1431 inter
1579 1346 2057 1434 Publilianas
2118 1358 2470 1462 receptae
2498 1347 2608 1464 ἢ).

607 1546 935 1611 Aberrare
978 1567 1019 1608 a
1061 1544 1327 1610 fortuna
1370 1554 1486 1610 tua
1527 1566 1660 1610 non
1703 1554 1910 1632 poteS,
1957 1545 2218 1612 obsidet
2261 1556 2348 1614 te.

606 1647 1140 1713 Abominandum
1182 1646 1457 1711 remedii
1499 1668 1706 1732 genus
1753 1646 2028 1713 salutem
2073 1647 2312 1714 debere
2356 1652 2604 1717 morbo.

609 1751 949 1815 Acerrima
993 1749 1203 1813 virtus
1249 1758 1370 1831 est,
1418 1771 1613 1836 quam
1655 1747 1886 1814 ultima
1929 1753 2287 1818 necessitas
2334 1755 2608 1820 excutit.

536 1921 542 1924 ,
608 1852 919 1939 Accipias
964 1861 1255 1938 praestat
1300 1873 1494 1940 quam
1538 1849 1782 1916 inferas
1827 1853 2155 1918 iniuriam.

526 1961 563 2018 5
609 1953 719 2018 Ad
763 1953 892 2017 duo
936 1953 1259 2017 festinans
1303 1963 1605 2018 neutrum
1647 1952 1816 2017 bene
1859 1957 2216 2042 peregeris.

610 2056 673 2119 A
717 2054 971 2120 duabus
1018 2056 1229 2120 causis
1274 2065 1606 2141 praestare
1650 2057 1953 2144 princeps
1997 2056 2182 2140 solet,
2229 2059 2286 2123 si
2327 2067 2442 2125 aut
2481 2081 2555 2124 se
2586 2061 2739 2125 vin-

1662 2157 1838 2222 dicat
1882 2168 1996 2223 aut
2039 2159 2261 2224 alium.

613 2257 723 2322 Ad
770 2259 1163 2323 excutienda
1205 2256 1337 2322 tela
1380 2258 1696 2324 militares
1743 2259 1971 2325 lacerti
2012 2259 2254 2326 valent.

611 2358 721 2424 Ad
767 2358 1203 2448 suspicionem
1247 2360 1537 2424 vulneris
1583 2360 1712 2426 cito
1756 2361 2074 2449 pallescit.

612 2458 895 2525 Adulter
940 2470 1040 2527 est
1082 2462 1306 2527 uxoris
1352 2471 1604 2527 amator
1646 2464 1876 2529 acrior.

491 2572 569 2629 10
612 2566 844 2650 Aequo
888 2564 1104 2628 animo
1150 2566 1263 2651 qui
1307 2564 1498 2629 malis
1540 2566 1870 2649 miscetur,
1919 2576 2018 2633 est
2062 2567 2294 2633 malus.

613 2666 750 2730 Aes
799 2664 1164 2732 debitorem
1209 2665 1373 2748 leve,
1418 2688 1623 2751 grave
1668 2668 2002 2733 inimicum
2046 2669 2226 2734 facit.

613 2768 907 2833 Affectus
954 2768 1220 2854 quidem
1262 2775 1396 2832 tam
1440 2767 1596 2832 mali
1638 2771 1924 2835 ministri
1969 2780 2119 2836 sunt
2165 2794 2358 2859 quam
2403 2772 2623 2837 duces.

615 3025 949 3106 Adnotatio]
996 3028 1063 3101 †)
1094 3029 1193 3086 Eas
1224 3032 1381 3104 primi
1412 3039 1735 3103 receperunt
1767 3033 1824 3087 Ε
1849 3030 2175 3106 (Erasmus),
2217 3034 2310 3089 Ρη
2341 3034 2742 3107 (panthaleon),

448 3118 493 3173 S
520 3116 605 3187 (H.
637 3114 996 3188 Stephanus),
1050 3115 1128 3170 Ps
1170 3112 1506 3188 (Pithoeus),
1563 3117 1644 3171 Gr
1684 3114 1904 3187 (Gruter
1947 3119 2000 3172 in
2043 3118 2168 3174 edit.
2214 3136 2261 3173 a.
2312 3117 2528 3191 1604),
2582 3118 2670 3175 Gr
2703 3122 2741 3176 2

447 3201 609 3271 (idem
650 3201 706 3256 in
748 3199 877 3255 edit.
922 3216 969 3255 a.
1008 3200 1223 3272 1610),
1267 3201 1355 3255 Be
1387 3198 1734 3272 (Bentleius),
1779 3203 1868 3259 Bo
1899 3201 2200 3275 (Bothius),
2247 3206 2302 3261 R
2337 3199 2742 3279 (Reinholdus),

447 3286 493 3353 Q
524 3284 651 3357 (sul.
686 3284 973 3352 Quicherat
1003 3286 1059 3341 in
1092 3283 1555 3359 ephemeridibuS,
1589 3284 1782 3359 quibus
1814 3286 2006 3343 titulus
2037 3287 2412 3363 Bibliotheque
2443 3289 2509 3344 de
2540 3288 2744 3346 l’ecole

346 3372 351 3376 '
445 3372 540 3426 des
572 3370 793 3425 Chat-tes
825 3370 931 3426 vol.
966 3369 1024 3425 11.
1063 3368 1243 3428 1840.
1290 3369 1468 3426 fascic.
1506 3370 1562 3426 2.
1597 3388 1690 3444 pg.
1729 3370 1848 3427 115
1881 3368 2076 3447 sqq.)..
2133 3373 2420 3430 Praeterea
2441 3374 2566 3430 .hoc
2606 3374 2736 3431 loco

449 3457 587 3529 typis
640 3453 1017 3511 describendas
1060 3457 1269 3527 curavi,
1325 3472 1456 3529 quas
1500 3472 1529 3511 8
1571 3458 1935 3531 manuscripto
1975 3458 2172 3531 petitas
2214 3458 2275 3514 G.
2322 3458 2592 3514 Fabricius
2635 3457 2743 3531 (F)

446 3543 591 3596 inter
633 3538 952 3595 ‘sententias
998 3542 1175 3605 mimis
1201 3539 1375 3595 Publii
1416 3540 1646 3595 similes'
1691 3540 1886 3611 edidit3
1933 3559 1997 3598 ex
2042 3542 2099 3597 D.
2135 3542 2432 3600 Godosredi
2464 3542 2590 3615 (Go)
2623 3544 2741 3599 edi-

446 3627 594 3682 tione
624 3625 802 3696 recepi
834 3627 1125 3681 sententias
1157 3624 1508 3699 interpolatas
1539 3625 1952 3681 Proverhiorum
1987 3622 2072 3701 (ef.
2107 3627 2325 3702 Proleg.
2361 3627 2458 3683 24.
2479 3627 2602 3699 26),
2633 3628 2740 3684 Bo·

447 3712 546 3767 thii
588 3710 821 3784 denique
861 3726 971 3766 non
1015 3727 1201 3770 omnes
1233 3710 1510 3782 dedimuS,
1555 3710 1648 3765 sed
1683 3719 1891 3767 tantum
1923 3728 2020 3785 per
2051 3719 2288 3768 saturam
2317 3712 2564 3769 selectaS.

450 3798 481 3851 1
533 3798 631 3853 Go.
668 3794 793 3851 Sen.
828 3795 894 3851 de
924 3795 1080 3852 clem.
1120 3795 1176 3867 1,
1210 3796 1269 3867 8,
1302 3795 1338 3851 2
1531 3794 1566 3850 2
1613 3798 1686 3853 R.
1721 3794 1846 3852 Sen.
1881 3796 1948 3852 (18
1978 3798 2054 3852 ira
2088 3798 2144 3869 1,
2180 3798 2279 3869 12,
2314 3798 2349 3855 6
2545 3798 2581 3855 3
2630 3798 2734 3854 Go,

446 3879 569 3935 Sen.
603 3880 669 3935 de
700 3880 853 3935 clem.
890 3881 947 3952 1,
981 3881 1082 3951 12,
1117 3878 1153 3937 5
1285 3878 1325 3933 4
1371 3879 1478 3936 Bo.
1544 3913 1549 3918 ·
1626 3879 1662 3936 5
1709 3882 1816 3936 Bo.
1851 3880 1930 3938 Cf.
1966 3881 2095 3938 Cato
2129 3900 2214 3957 ap.
2247 3882 2384 3938 Gen.
2424 3882 2522 3954 16,
2561 3882 2660 3954 14,
2697 3882 2735 3937 2

608 3965 643 4019 6
690 3965 792 4020 Go.
821 3960 1169 4041 praestare]
1201 3968 1413 4037 punire
1444 3964 1570 4020 Sen.
1603 3964 1670 4020 (18
1700 3965 1856 4022 clem.
1894 3967 1951 4039 1,
1986 3966 2088 4038 20,
2124 3969 2154 4022 1
2323 3967 2358 4023 ’7
2405 3968 2479 4023 R.
2513 3966 2638 4023 Sen.
2673 3966 2861 4025 51²*-

449 4047 655 4121 provid.
690 4046 752 4119 4,
786 4048 864 4105 13
1078 4051 1114 4107 8
1162 4052 1233 4107 R.
1267 4050 1389 4106 Sen.
1425 4050 1492 4106 de
1524 4051 1734 4124 provid.
1765 4046 1826 4122 4,
1863 4052 1896 4107 7
2005 4062 2010 4068 '
2113 4053 2148 4109 9
2196 4052 2290 4109 Ps.
2326 4051 2472 4107 Sexti
2501 4050 2744 4127 Pythag.

450 4141 593 4188 sent.
638 4150 667 4188 a
708 4132 903 4190 Rufino
958 4151 1249 4191 conversae
1293 4134 1447 4203 222;
1505 4134 1725 4191 Hieron.
1781 4135 1898 4191 adv.
1950 4138 2129 4193 Jovin.
2174 4155 2220 4192 c.
2269 4138 2352 4195 30
2379 4161 2464 4183 =
2495 4134 2620 4195 8811.
2676 4139 2754 4196 (18

452 4220 678 4273 matrim.
710 4218 815 4291 frg.
849 4218 930 4276 84
974 4218 1067 4276 Ha.
1103 4220 1252 4275 Vinc.
1286 4218 1414 4274 Bell.
1461 4237 1542 4294 sp.
1589 4219 1641 4275 d.
1687 4219 1755 4293 4,
1792 4221 1888 4279 98.
1937 4223 2004 4294 6,
2039 4222 2095 4278 7.
2167 4220 2244 4277 Cs.
2278 4221 2402 4277 8811.
2451 4221 2518 4277 (18
2561 4232 2746 4281 const.

450 4319 563 4377 sap.
598 4304 656 4376 7,
687 4301 741 4358 4.
922 4297 1001 4361 lo
1044 4305 1113 4359 F.
1147 4303 1480 4359 Pseudosen.
1514 4305 1581 4360 (18
1611 4322 1746 4362 mor.
1781 4305 1859 4362 75
2037 4306 2111 4361 11
2157 4307 2256 4363 Ps.
2291 4306 2415 4363 Sen.
2450 4308 2606 4380 epist.
2641 4308 2746 4381 19,

455 4387 533 4443 12
729 4388 806 4444 12
854 4390 924 4447 R.
958 4389 1081 4445 Sen.
1117 4390 1185 4445 de
1215 4390 1293 4444 ira
1326 4389 1383 4462 1,
1416 4389 1477 4462 9,
1507 4388 1547 4444 4
2198 4416 2207 4420 ·
