2917 4950
503 322 580 386 12
1187 302 1200 319 ’
1353 305 1913 388 ῬΒοιΕθοΜΕΝΑ.

493 494 724 558 micum
767 496 1301 576 tragicumque
1353 499 1469 559 aut
1518 493 1883 559 Romanum
1926 499 2043 558 aut
2084 493 2430 572 Graccum,
2480 497 2539 557 ct
2571 493 2762 575 pluri-

495 614 627 676 mos
665 595 946 676 deinceps
984 589 1195 660 versus
1234 597 1538 676 referebat
1567 595 1834 665 Publilii
1874 597 2393 670 disertissimo
2409 616 2471 673 s,
2526 603 2591 658 et
2620 615 2765 680 quae

494 694 742 760 Seneca
785 697 1050 783 scripsit
1093 699 1162 762 in
1207 699 1392 785 epist.
1440 699 1514 780 8,
1557 699 1628 762 8:
1693 697 2014 778 Quantum
2072 699 2770 763 disertissimorum

379 833 388 842 ·
491 818 783 863 versuum
825 801 988 864 inter
1029 802 1252 864 mimos
1274 802 1473 865 iacet!
1523 797 1730 880 Quam
1772 801 1973 865 multa
2020 799 2287 865 Publilii
2314 820 2442 863 non
2470 799 2767 864 coecalcea-

493 901 602 978 tis,
649 903 758 966 sed
818 902 1319 968 cothurnatis
1371 903 1635 967 dicenda
1674 899 1874 966 sunts

660 1002 859 1067 Haud
899 1025 1047 1068 raro
1091 1005 1294 1088 igitur
1341 1003 1452 1088 (ef.
1499 1003 1789 1069 adnotat.
1838 1005 1981 1068 crit.
2026 1002 2110 1066 ad
2159 1025 2221 1066 v.
2256 1025 2321 1066 v.
2354 1003 2459 1068 28.
2496 1001 2605 1066 58.
2643 1001 2769 1064 105.

451 1111 456 1114 ’
493 1104 635 1172 138.
688 1106 827 1170 157.
872 1105 1018 1170 330.
1063 1105 1210 1170 484.
1257 1106 1403 1171 572.
1451 1107 1604 1190 601)
1655 1104 1903 1170 Seneca
1946 1106 2303 1170 orationem
2346 1105 2432 1168 ad
2480 1101 2771 1168 similitu-

491 1205 710 1270 dinem
745 1211 1216 1272 sententiarum
1247 1206 1761 1272 Publilianarum
1795 1206 2251 1289 conformavit,
2300 1207 2690 1294 praesertim
2717 1207 2775 1267 in

490 1307 816 1372 clausulis
907 1308 1012 1374 Cf.
1060 1307 1337 1389 Quintil.
1385 1310 1455 1393 8,
1502 1311 1565 1393 5,
1619 1309 1716 1372 14.
1806 1310 1993 1374 Idem
2035 1311 2106 1372 in
2149 1301 2508 1394 tragoediis
2560 1308 2774 1394 depre-

489 1409 801 1475 henditur
854 1410 968 1494 (cf.
1023 1409 1111 1474 ad
1166 1433 1230 1473 v.
1277 1434 1341 1475 v.
1397 1412 1536 1476 103.
1582 1411 1729 1476 363.
1774 1412 1915 1476 459.
1973 1410 2160 1495 640),
2218 1421 2292 1475 ut
2346 1410 2471 1475 hoe
2530 1429 2775 1496 quoque

359 1530 366 1539 ’
488 1521 870 1596 argumento
916 1511 1374 1600 philosophum
1415 1536 1639 1577 earum
1668 1535 1816 1590 esse„
1838 1522 2171 1579 auctorem
2200 1509 2641 1579 confirmetur.
2706 1511 2773 1574 In

489 1612 613 1678 hoc
665 1614 866 1678 nimio
923 1615 1060 1678 fere
1117 1614 1386 1680 Publilii
1443 1614 1662 1681 studio
1718 1614 1880 1678 mihi
1929 1614 2193 1700 quidem
2237 1614 2597 1679 admodum
2641 1634 2773 1700 pro-

489 1715 708 1780 babile
761 1725 891 1798 est,
951 1739 1116 1804 quae
1174 1716 1479 1802 leguntur
1534 1717 1616 1810 de
1670 1716 1853 1780 brev.
1902 1719 2080 1781 vitae
2130 1717 2240 1807 12,
2288 1717 2359 1782 8:
2422 1717 2475 1780 I
2510 1737 2685 1786 nunc
2724 1719 2774 1778 et

489 1819 710 1904 mimos
752 1820 952 1884 multa
994 1821 1247 1884 mentiri
1291 1821 1380 1884 ad
1410 1820 1918 1902 exprobrandam
1948 1821 2275 1884 luxuriam
2306 1824 2493 1902 puta.
2577 1818 2775 1883 Plura

488 1921 855 1986 mehercules
915 1925 1315 2003 praetereunt
1375 1941 1570 2002 quam
1622 1923 1898 2004 fiinyunt,
1968 1926 2026 1985 et
2080 1926 2261 1986 tanta
2314 1917 2775 1986 incredibilium

486 2024 784 2087 vitiorum
827 2024 1008 2104 copia
1049 2024 1366 2105 inqen‘ioso
1411 2025 1483 2087 in
1526 2024 1637 2088 hoc
1664 2044 1863 2088 unum
1902 2022 2146 2088 saeculo
2180 2025 2501 2105 process-it,
2550 2027 2626 2087 ut
2650 2023 2774 2085 iam

476 2127 822 2188 'mimorum
865 2147 1127 2207 arquere
1158 2127 1477 2207 possimus
1532 2126 1994 2208 neqleyentiam‚
2042 2126 2202 2189 item
2246 2124 2596 2188 referenda
2620 2143 2773 2186 -esse

489 2225 573 2289 ad
618 2224 999 2308 Publilium,
1050 2226 1328 2292 fortasse
1371 2225 1456 2289 ad
1502 2226 1716 2292 locum
1760 2225 2277 2308 celeberrimum,
2324 2249 2517 2313 quem
2562 2222 2773 2290 attulit

488 2325 922 2392 Petronius
970 2328 1294 2411 Satirieon
1339 2350 1479 2415 cap.
1511 2329 1625 2393 55:
1675 2329 1871 2412 R090‚
1920 2331 2075 2411 quid
2103 2335 2289 2412 putes
2330 2331 2497 2394 inter
2539 2329 2771 2394 Cicero-

485 2449 628 2493 nem
657 2434 716 2494 et
746 2428 1112 2496 Publilium·
1125 2431 1462 2496 interesse?
1504 2430 1642 2513 Eyo
1672 2431 1941 2496 alterum
1960 2436 2116 2513 puto
2146 2433 2536 2497 disertiorem
2561 2431 2769 2511 fuisse,

487 2532 756 2596 alterum
797 2532 1220 2598 honestiorem.
1317 2532 1486 2613 Quid
1526 2536 1692 2597 enim
1736 2534 1835 2627 his
1878 2535 2099 2598 melius
2144 2535 2269 2599 dici
2300 2534 2551 2615 potest?

737 2708 1044 2768 Luoeuriae
1085 2712 1235 2768 rictu
1277 2710 1499 2769 Martis
1540 2685 1799 2769 marcent
1840 2712 2085 2769 moenia.

742 2811 868 2870 Tuo
882 2852 885 2855 -
901 2812 1106 2885 palato
1151 2814 1383 2871 clausus
1416 2831 1573 2885 pavo
1608 2814 1878 2885 pascitur

739 2912 1016 2972 Plumato
1060 2916 1304 2973 amictus
1347 2932 1523 2972 aureo
1566 2914 1945 2987 Babylonica

743 3010 986 3073 Gallina
1028 3016 1134 3073 tibi
1177 3014 1516 3083 Numidica,
1560 3016 1666 3073 tibi
1703 3017 1895 3090 yallus
1933 3018 2151 3090 spado:

745 3112 982 3175 Ciconia
1027 3118 1199 3176 ctiam
1237 3121 1413 3191 yrata
1446 3120 1764 3192 pereqrina
1804 3118 2032 3193 hospita

739 3215 1164 3276 Pietaticultrioe
1203 3220 1506 3291 yracilipes
1549 3221 1895 3279 crotalistria

665 3379 672 3388 ,
739 3316 917 3386 Avis,
964 3320 1095 3377 eaeul
1135 3319 1339 3379 hiemis
1354 3366 1370 3388 ,
1416 3315 1619 3380 titulus
1660 3324 1838 3394 tepidi
1879 3323 2151 3395 temporis

741 3419 810 3477 N
805 3422 1050 3493 equitiae
1093 3422 1302 3481 nidum
1344 3425 1412 3481 in
1454 3426 1662 3484 cacabo
1706 3425 1839 3497 fecit
1880 3424 2062 3483 modo.

619 3522 625 3527 ”
743 3522 868 3598 Quo
910 3525 1238 3597 maryarita
1281 3543 1424 3585 cara
1466 3528 1691 3585 tribaca
1714 3527 1989 3608 judica?

1407 3659 1442 3689 ’Χ-
1612 3660 1646 3690 ÷‹-
1820 3660 1853 3690 -Χ-

737 3760 842 3819 An
883 3766 949 3820 ut
990 3765 1265 3820 matrona
1307 3768 1521 3821 ornata
1552 3765 1813 3837 phaleris
1847 3766 2098 3840 pelagiis

741 3863 927 3922 Tollat
957 3864 1134 3937 pedes
1177 3864 1464 3923 indomita
1506 3866 1574 3923 in
1615 3870 1795 3924 strato
1840 3871 2109 3926 extraneo
2123 3869 2153 3925 ,9

738 3964 1140 4039 Zmaraqdum
1182 3966 1261 4025 ad
1304 3985 1483 4039 quam
1523 3984 1646 4026 rem
1687 3968 1959 4037 viridem,
1994 3972 2319 4042 pretiosum
2362 3970 2617 4026 vitrum?

742 4066 866 4139 Quo
913 4063 1332 4127 Carchedonios
1376 4074 1541 4142 optas
1582 4070 1746 4142 iynes
1789 4071 2044 4143 lapideos

620 4160 644 4257 ’χ
738 4166 877 4226 Nisi
917 4172 984 4227 ut
1025 4170 1338 4228 scint-illes?
1371 4172 1638 4243 probitas
1681 4176 1761 4229 est
1803 4173 2209 4231 carbunculus.

738 4266 1010 4341 Aequum
1053 4275 1134 4329 est
1177 4272 1416 4330 induere
1461 4278 1708 4345 nuptam
1749 4279 2004 4332 ventum.
2026 4276 2287 4341 temtilem,

737 4370 950 4464 Palam
981 4377 1252 4445 prostare
1296 4374 1521 4433 nudam
1563 4376 1631 4432 in
1672 4376 1885 4434 nebula
1928 4376 2125 4434 linea?
