2917 4950
983 327 1531 378 PROLEGOMENA.
1554 297 1569 306 ⁸
2134 295 2137 300 ¹
2324 313 2406 377 47

149 483 259 567 legi
317 483 444 568 ipsi
504 482 1127 570 obtemperavimuS,
1199 505 1324 568 quo
1380 478 1586 546 maior
1648 482 1838 547 nobis
1899 490 2068 546 esset
2124 480 2410 566 licentia,

147 586 202 647 in
250 606 440 648 arena
497 585 683 671 quasi
739 593 987 648 secreta
1043 587 1210 650 citra
1253 586 1639 670 cuiusquam
1682 583 1992 650 damnum
2037 581 2414 648 exsultandi

148 696 200 750 et
239 687 624 751 coniecturis
671 686 1081 772 indulgendi.

1037 915 1227 919 ——--
1264 915 1324 922 ---
1356 913 1493 918 .———

627 1135 631 1140 ’
707 1100 800 1185 V.
899 1100 1018 1183 De
1079 1099 1829 1218 interpolationibus.

255 1296 800 1390 ‘Interpolatores
862 1298 985 1363 hoc
1041 1298 1182 1363 loco
1238 1321 1366 1364 non
1421 1321 1532 1364 eos
1593 1298 1903 1382 dicimus,
1972 1300 2084 1386 qui
2141 1297 2411 1363 Publilii

143 1401 464 1464 sententiis
534 1398 780 1481 alienas
849 1400 1246 1465 addiderunt
1311 1401 1423 1485 (de
1487 1402 1589 1466 his
1652 1403 1825 1465 enim
1889 1403 2018 1465 iam
2072 1402 2141 1465 in
2200 1403 2411 1487 capite

144 1512 350 1587 quarto
395 1503 871 1588 exposuimus),
901 1503 1034 1567 sed
1078 1502 1225 1568 illos
1267 1503 1506 1589 potiUS,
1556 1506 1668 1590 qui
1710 1502 2189 1591 interpretandi
2219 1523 2413 1566 causa

144 1604 327 1667 verba
369 1612 602 1691 poetae
645 1605 919 1670 consulto
962 1599 1500 1669 immutaverunt:
1550 1607 1645 1668 sic
1691 1628 1807 1670 suo
1839 1605 2067 1669 ordine
2098 1607 2168 1668 in
2197 1605 2411 1690 capite

143 1716 309 1770 sexto
355 1705 437 1769 de
479 1706 562 1769 iis
609 1705 1124 1791 corruptelarum
1165 1707 1514 1790 generibus
1562 1707 2013 1772 disserendum
2056 1708 2201 1788 erit,
2247 1727 2413 1792 quae

142 1810 340 1873 invitis
393 1807 680 1872 librariis
735 1805 1023 1871 admissa
1069 1804 1232 1873 sunt
1285 1830 1363 1872 ac
1420 1807 1502 1871 de
1546 1807 1851 1878 tollendis
1896 1811 2012 1892 iis,
2068 1808 2138 1872 id
2186 1817 2286 1872 est
2330 1807 2412 1870 de

145 1909 566 1973 emendandis,
657 1909 790 1974 Sed
847 1911 1150 1996 quoniam
1207 1913 1274 1976 in
1333 1909 1631 1997 plurimis
1680 1910 2013 1975 codicibus
2058 1909 2409 1997 interpola-

143 2013 317 2076 tionis
372 2011 660 2096 vestigia
712 2032 842 2075 non
889 2013 1181 2076 extincta
1225 2013 1522 2098 quidem,
1580 2022 1647 2076 at
1704 2023 1878 2078 certe
1929 2014 2022 2077 ita
2066 2012 2412 2077 obscurata

146 2125 307 2193 sunt,
349 2124 421 2179 ut
466 2112 857 2198 aliquotiens
903 2114 1188 2178 incertus
1237 2114 1537 2197 haereas,
1586 2115 1801 2200 sintne
1846 2113 2079 2178 deletis
2124 2115 2419 2200 interp07

143 2215 346 2280 latoris
412 2215 522 2280 vel
577 2213 958 2299 glossatoris
1015 2215 1484 2281 additamentis
1548 2217 1786 2282 senarii
1839 2216 2260 2299 restituendi,
2327 2237 2411 2278 an

145 2319 482 2382 sententiae
538 2318 829 2405 pedestri
885 2319 1168 2383 sermoni
1221 2318 1692 2403 assignandae,
1750 2321 2034 2407 primum
2084 2316 2410 2383 luculento

147 2420 434 2485 codicis
479 2420 952 2486 Turicensis
986 2420 1284 2509 exemplo
1316 2420 1761 2486 demonstrare
1793 2421 2194 2506 conabimur,
2226 2420 2411 2507 quid-

144 2546 276 2585 nam
319 2522 573 2588 consilii
615 2522 1112 2611 interpolatores
1160 2525 1366 2587 secuti
1411 2525 1544 2589 sint
1574 2534 1638 2613 et
1670 2547 1828 2611 quos
1869 2524 1954 2588 ad
1998 2524 2159 2587 fines
2191 2545 2410 2587 eorum

144 2648 321 2712 opera
372 2636 670 2712 grassata
725 2627 830 2691 sit.
919 2625 1000 2689 Id
1059 2648 1203 2691 cum
1262 2648 1380 2713 per
1439 2648 1509 2691 se
1552 2626 1814 2711 neglegi
1857 2648 1988 2691 non
2044 2626 2282 2713 possit,
2340 2634 2411 2689 ut

143 2737 370 2791 rectum
417 2727 499 2793 de
545 2729 776 2793 ceteris
808 2728 1166 2803 *codicibus
1213 2728 1497 2793 feramus
1542 2728 1890 2811 iudicium,
1948 2738 2088 2793 tum
2132 2726 2409 2791 delecta-

144 2828 321 2894 tionis
375 2829 628 2917 aliquid
672 2831 870 2895 habet
916 2853 1000 2893 ex
1045 2833 1189 2918 ipsa
1234 2830 1479 2895 codicis
1525 2829 1745 2895 indole
1789 2840 1985 2917 atque
2029 2828 2409 2894 condicione

144 2932 546 3019 comprobare
614 2932 979 2997 scholarum
1047 2941 1500 3020 praeceptores
1558 2933 1644 2997 ad
1706 2932 2067 2999 docendam
2118 2931 2409 3017 linguam

142 3031 392 3099 latinam
435 3033 708 3100 Publilii
752 3028 1101 3099 sententiis
1138 3057 1291 3100 usos
1338 3056 1503 3100 esse.

297 3139 360 3223 1)
407 3136 686 3201 Omissis
734 3138 1072 3202 sententiis
1104 3137 1597 3220 TuricensibuS,
1645 3158 1809 3224 quae
1852 3146 1967 3201 aut
2008 3136 2095 3201 ad
2136 3136 2410 3207 verbum

143 3258 272 3301 cum
326 3238 718 3304 Publilianis
776 3239 1075 3322 codicum
1133 3239 1400 3305 PRBF
1446 3240 1853 3326 conspirant,
1910 3249 2024 3304 aut
2077 3238 2269 3326 plane
2312 3242 2409 3304 in-

143 3351 339 3405 certae
394 3350 556 3405 sunt
601 3342 907 3425 originis,
974 3342 1164 3405 huius
1225 3342 1348 3407 erit
1401 3340 1531 3406 loci
1575 3341 1657 3405 de
1706 3343 1787 3406 iis
1835 3342 2185 3426 disserere,
2245 3364 2411 3429 quae

141 3443 551 3531 paraphrases
598 3441 1112 3507 Publilianarum
1156 3442 1475 3509 dicendae
1519 3454 1690 3509 sunt.
1767 3442 2105 3531 Quas'qui
2136 3466 2283 3509 cum
2314 3446 2409 3508 in-

140 3548 326 3631 tegris
381 3544 685 3609 versibus
745 3546 1255 3633 comparaverit,
1312 3532 1507 3628 facile
1548 3547 1932 3634 perspiciet,
1988 3570 2119 3613 non
2162 3556 2296 3611 tam
2340 3545 2409 3610 id

143 3649 338 3731 egisse
391 3636 956 3733 interpolatorem,
1019 3658 1092 3713 ut
1145 3670 1376 3735 aspera
1434 3648 1819 3736 perpoliret,
1850 3650 2090 3713 ·minus
2148 3650 2408 3712 usitatis

144 3749 552 3813 substitueret
605 3737 942 3835 vulgaria,
999 3749 1085 3814 ad
1142 3748 1655 3836 intellegendum
1712 3751 2089 3817 obscuriora
2140 3749 2407 3834 auribus

144 3851 318 3935 vulgi·
361 3851 910 3935 accommodaret,
979 3852 1098 3917 sed
1151 3851 1438 3918 voluisse
1506 3876 1653 3918 eum
1710 3853 1965 3917 variare
2029 3854 2407 3936 orationem,

147 3956 542 4041 prospexisse
598 3956 822 4042 copiae
878 3954 1229 4019 verborum
1284 3954 1649 4041 parandae,
1708 3954 1989 4041 denique
2044 3955 2409 4021 ostendisse

149 4057 448 4139 quomodo
505 4057 732 4121 eadem
789 4058 1114 4122 sententia
1165 4056 1312 4121 aliis
1368 4056 1590 4122 verbis
1644 4067 1863 4145 posset
1918 4059 2220 4143 exprimi.
2307 4060 2409 4123 Ἀο

151 4156 356 4223 videor
405 4160 569 4224 mihi
612 4158 880 4243 videre,
938 4158 1174 4247 quibus
1221 4160 1761 4225 exercitationum
1802 4159 2151 4245 generibus
2196 4181 2407 4244 gram-

153 4262 400 4327 maticus
431 4263 779 4349 praecipue
811 4284 1070 4349 operam
1104 4261 1380 4326 dederit.
1447 4262 1852 4328 Iubebantur
1880 4264 2067 4348 pueri
2096 4262 2163 4324 in
2194 4260 2408 4326 locum

155 4360 475 4447 singularis
507 4364 822 4451 pluralem
851 4356 1188 4429 numerum
1221 4364 1639 4454 substituere,
1680 4364 2154 4429 nominativum
2186 4386 2251 4425 v.
2288 4362 2409 4426 115
