2917 4950
1116 319 1211 367 DE
1256 319 1586 368 uomens,
2384 305 2504 370 143

238 478 344 536 81.
394 471 659 538 Fortior
713 480 813 536 est
867 471 981 559 qui
1041 471 1468 560 cupiditatem
1527 474 1768 556 vincit,
1830 495 2022 560 quam
2080 475 2195 560 qui
2251 474 2504 541 hostem

399 573 661 640 subicit.

239 682 349 742 82.
394 675 522 741 Est
565 675 1025 742 difficillimum
1074 699 1141 742 se
1185 679 1404 765 ipsum
1447 679 1733 745 vincere.

232 785 343 843 83.
390 777 629 867 Inique
687 780 1019 864 irascitur,
1066 781 1179 868 qui
1226 782 1361 846 suis
1407 782 1714 847 irascitur
1760 782 1902 846 sine
1948 779 2193 847 dolore.

240 886 346 945 84.
391 881 637 946 Amare
681 882 779 947 sic
822 883 1061 970 incipe,
1106 891 1439 970 tamquam
1482 906 1612 949 non
1657 882 1851 949 liceat
1895 882 2020 949 tibi
2063 883 2384 948 desinere.

239 989 343 1047 85.
390 983 782 1070 Magnarum
837 1005 1053 1049 rerum
1108 985 1364 1050 etiamsi
1422 1007 1763 1052 successus
1822 1008 1954 1051 non
2008 984 2329 1069 adfuerit,
2389 985 2500 1050 ho-

395 1095 620 1151 nestus
668 1094 767 1152 est
809 1086 954 1172 ipse
999 1096 1291 1153 conatus.

237 1194 345 1253 86.
392 1186 722 1254 Nobilitas
770 1189 973 1253 animi
1017 1191 1424 1274 generositas
1473 1211 1724 1256 sensus.

239 1297 350 1354 87.
397 1288 727 1356 Nobilitas
776 1291 1057 1356 hominis
1102 1313 1456 1378 generosus
1501 1295 1778 1358 animus.

236 1398 348 1456 88.
396 1391 752 1458 Honestior
808 1401 941 1476 est,
1000 1395 1113 1481 qui
1170 1404 1571 1461 senectutem
1615 1395 1704 1460 ad
1747 1397 1954 1461 otium
1996 1395 2252 1479 retulit,
2309 1417 2503 1483 quam

396 1497 508 1581 qui
551 1495 621 1558 in
666 1503 1067 1561 senectutem
1112 1498 1298 1563 venit
1343 1507 1407 1563 et
1451 1507 1612 1562 tunc
1654 1499 1927 1586 incipiat
1971 1496 2290 1563 laborare.

236 1603 349 1661 89.
393 1595 617 1684 Turpe
661 1597 1107 1684 spectaculum
1153 1599 1425 1686 praebet
1469 1621 1666 1684 aeger
1708 1601 1986 1664 animus.

239 1706 349 1765 90.
394 1699 765 1786 Numquam
808 1701 1018 1765 tristis
1062 1701 1269 1767 facies
1315 1702 1405 1766 sit
1446 1701 1573 1767 tibi
1616 1703 1687 1767 in
1731 1702 2068 1768 commodo
2112 1702 2405 1767 alteriuS.

238 1807 351 1866 91.
396 1801 611 1866 Homo
667 1824 839 1868 sum:
904 1801 1227 1890 quomodo
1284 1803 1596 1870 devitabo
1654 1804 2086 1871 secundarum
2143 1826 2358 1869 rerum
2403 1806 2497 1868 in-

399 1902 648 1968 vidiam
665 1903 699 1967 ⁶?

239 2011 349 2073 92.
398 2005 467 2072 Si
512 2004 898 2072 felicitatem
944 2007 1317 2092 iactaveris,
1363 2008 1586 2074 multis
1633 2008 1821 2076 dives
1869 2011 2019 2076 eris.

240 2115 347 2173 93.
396 2106 740 2187 Quomodo
786 2110 1033 2198 optime
1078 2112 1437 2197 potentiam
1481 2112 1763 2178 tuebor?
1819 2115 1862 2194 †
1885 2112 2272 2199 impotentia
2314 2135 2498 2178 occa-

394 2211 619 2275 sionis.

242 2317 347 2378 94.
392 2311 640 2378 Locum
684 2321 865 2380 tenet
907 2316 1283 2403 proximum
1325 2317 1736 2382 innocentiae
1781 2315 2138 2382 confessio:
2189 2316 2306 2394 ubi
2350 2338 2498 2381 con-

397 2415 620 2500 fessio,
666 2416 763 2483 ibi
806 2418 1129 2487 remissi0.

238 2524 346 2584 95.
382 2518 484 2584 96.
532 2518 863 2585 Severitas
904 2520 975 2584 in
1014 2522 1180 2587 vitio
1211 2530 1332 2605 est,
1365 2524 1519 2609 quia
1547 2520 1888 2611 proximus
1919 2521 2285 2588 iniustitiae
2317 2522 2495 2588 locus

397 2622 736 2687 severitas.

240 2730 349 2788 97.
394 2722 614 2788 Bonus
669 2724 874 2789 iudex
932 2734 1063 2808 est,
1120 2726 1232 2813 qui
1288 2734 1509 2813 potest
1565 2726 1945 2814 dispensare
1987 2750 2120 2793 non
2161 2736 2297 2793 tam
2340 2726 2499 2815 quid

394 2825 837 2892 damnandum
880 2828 988 2911 sit,
1035 2828 1152 2893 sed
1197 2838 1538 2915 quatenus.

194 3011 257 3061 et
304 3005 457 3061 editt.
547 3004 620 3062 In
663 2988 1276 3079 sententia·‘corrupta
1305 3010 1580 3064 lacunam
1612 3010 1974 3081 siqnificasse
2004 3011 2146 3064 satis
2176 3007 2498 3066 habaima&

374 3089 449 3146 81
502 3088 595 3164 Cf.
626 3091 893 3148 Lac-lant.
925 3095 1100 3148 instit.
1138 3093 1196 3164 1,
1228 3093 1301 3149 9.
1347 3092 1491 3149 ‘Non
1523 3094 1665 3149 enim
1696 3092 1892 3149 sortior
1920 3092 2237 3149 iudicandus
2268 3102 2374 3165 est,
2407 3096 2499 3169 qui

191 3174 417 3232 leonem
459 3191 619 3270 quam
664 3177 758 3249 qui
799 3176 1107 3233 violentiam
1153 3185 1211 3232 et
1246 3178 1575 3234 iracundiam
1617 3179 1881 3252 superat'.
1970 3179 2248 3237 Proverb.
2283 3177 2496 3237 Salam.

196 3259 305 3322 16,
338 3258 479 3316 32
488 3246 519 3314 ὃ
549 3257 784 3332 κρατῶν
816 3250 1001 3335 ὀργῆς
1030 3256 1319 3334 κρείσσων
1348 3260 1455 3318 τοῦ
1489 3258 2096 3337 καταλαμβανομένου
2124 3257 2349 3320 πόλινζ

194 3343 284 3401 82
328 3338 454 3419 Est]
498 3346 639 3401 enim
682 3348 901 3404 addunt
946 3346 993 3403 G
1024 3346 1069 3404 S
1286 3348 1366 3405 83
1411 3342 1621 3425 Inique]
1665 3364 1835 3422 paene
1877 3349 2059 3422 inique
2103 3348 2176 3421 S,
2217 3348 2356 3406 bene
2398 3350 2498 3406 ini-

196 3444 310 3503 que
344 3429 391 3485 G
579 3432 695 3488 sine
740 3431 933 3488 dolore
976 3432 1062 3488 Ga
1106 3429 1179 3487 S.
1224 3434 1267 3488 si
1310 3434 1367 3488 in
1408 3432 1600 3488 dolore
1644 3433 1725 3490 Gb
1959 3434 2038 3491 85
2085 3433 2352 3490 Bonarum
2393 3452 2501 3491 ma-

195 3530 539 3588 gnarumque
570 3516 624 3572 P
757 3516 871 3630 *87
918 3512 1183 3593 hominis]
1216 3518 1462 3615 corporis
1495 3520 1660 3593 vulqa
1829 3517 1909 3576 88
1957 3534 2116 3591 quem
2147 3528 2402 3576 senectus
2435 3520 2498 3576 ad

194 3599 373 3654 otium
404 3602 571 3673 vulyo
757 3596 872 3657 *in
904 3595 1269 3679 senectutem]
1303 3603 1357 3658 in
1390 3603 1562 3658 otium
1591 3603 1757 3666 libri,·
1803 3619 1964 3677 quam
1996 3620 2154 3677 quem
2187 3605 2241 3660 in
2274 3606 2388 3659 otio
2420 3606 2500 3660 in-

193 3685 351 3739 venit
392 3687 549 3742 edict.
724 3686 806 3745 90
849 3686 1011 3743 facies
1054 3688 1127 3743 sit
1168 3686 1265 3743 tibi
1299 3688 1385 3744 Ga
1417 3706 1489 3743 m.
1522 3702 1638 3743 sec.
1691 3688 1740 3745 V
1764 3695 1819 3745 et
1848 3690 1975 3746 edd.
2019 3690 2066 3744 si
2107 3689 2359 3761 quotiens
2405 3688 2499 3744 tibi

193 3770 305 3843 ipsi
336 3768 680 3827 incommodo
711 3772 905 3827 vixeris
934 3773 1066 3829 libb.
1101 3778 1234 3830 vett.
1358 3772 1437 3830 92
1485 3772 1670 3829 multis
1705 3773 1783 3830 G.-
1808 3774 1868 3828 in
1898 3774 2082 3829 multis
2111 3770 2176 3844 S,
2209 3790 2330 3828 cum
2363 3773 2499 3829 mul-

196 3856 271 3911 tis
304 3858 469 3929 vulyo
614 3855 694 3913 93
738 3854 783 3925 †
812 3857 901 3913 De
932 3860 1271 3930 corruptela
1302 3875 1415 3915 non
1444 3860 1653 3931 liquet.-
1692 3859 1838 3930 fort.
1873 3874 1991 3914 scr.
2023 3859 2288 3931 potentia,
2320 3866 2383 3915 ut
2414 3865 2499 3916 est

202 3956 299 4011 ap.
332 3936 473 3997 Sen.
505 3942 577 3997 de
607 3944 769 3998 clem.
805 3942 864 4014 1,
900 3942 1000 4013 13,
1034 3941 1069 3997 2
1114 3940 1342 3999 ‘scelera
1372 3941 1668 3999 sceleribus
1700 3942 1896 3999 tuenda
1926 3944 2100 3999 sunt'.
2191 3943 2336 4002 Sall.
2373 3944 2524 4008 Cat..

203 4023 267 4097 2,
291 4022 332 4079 4
366 4022 673 4099 ‘imperium
702 4027 769 4083 iis
800 4026 1006 4083 artibus
1038 4028 1325 4098 retinetur,
1358 4026 1553 4101 quihus
1584 4028 1740 4085 initio
1770 4032 1984 4101 partum
2017 4028 2146 4085 est’.
2266 4028 2346 4086 94
2376 4047 2500 4105 pec-

204 4110 308 4164 cati
340 4111 641 4167 verecunda
681 4110 952 4168 confessio
982 4113 1038 4169 P
1184 4111 1263 4169 95
1309 4114 1365 4167 in
1396 4113 1528 4167 vitio
1563 4113 1648 4169 Ga
1678 4132 1750 4169 m.
1784 4129 1921 4171 sec„-
1966 4112 2124 4171 abnio
2159 4114 2228 4185 G,
2260 4116 2498 4170 criminis

204 4192 437 4251 abnubio
469 4195 515 4252 S
522 4220 542 4260 ,·
564 4196 711 4270 fort.
741 4198 1050 4269 criminosa,
1082 4198 1212 4253 coll.
1244 4196 1406 4254 Publ.
1442 4195 1504 4253 S.
1539 4217 1590 4255 v.
1619 4196 1740 4255 254
1941 4194 2310 4255 *iniustitiaez
2343 4200 2498 4255 iusti-

204 4272 317 4335 tiae
349 4283 599 4352 codic-33,
632 4286 797 4357 vulgo
978 4280 1134 4338 locus
1168 4282 1244 4339 G.-
1273 4281 1468 4339 modus
1493 4282 1540 4339 S
1560 4286 1726 4360 vulgo
1942 4284 2020 4341 97
2066 4275 2276 4363 potest]
2315 4285 2396 4341 Gb
2429 4284 2498 4343 S:

202 4366 358 4421 novit
389 4366 475 4423 Ga
506 4384 579 4425 m.
613 4383 729 4426 sec.
906 4375 1013 4423 tam
1046 4368 1131 4424 Ga
1162 4386 1233 4424 m.
1266 4382 1409 4425 sec„-
1438 4365 1548 4424 taff}
1580 4368 1639 4441 S,
1675 4377 1881 4426 tantum
1915 4368 1998 4425 Gb
