2917 4950
823 313 1138 361 Pussmnu
1181 313 1341 362 srm
1386 313 1847 364 semmurum.
2405 299 2486 363 75

360 469 729 533 Dimissum
774 467 948 554 quod.
992 467 1304 549 nescitur,
1349 490 1484 532 non
1526 467 1871 533 amittitur.

361 567 808 655 Deliberamlo
855 569 1134 634 discitur
1177 570 1523 656 sapientia.

192 679 318 738 140
362 671 810 737 Deliberando
855 693 1050 759 saepe
1091 672 1264 757 perit
1308 673 1585 737 occasio.

362 773 660 862 (Duplex
701 773 777 840 fit
819 773 1102 855 bonitas,
1150 773 1345 838 simul
1387 773 1669 838 accessit
1714 772 2069 860 celeritas.)

359 877 668 941 Damnati
714 876 946 962 lingua
987 897 1220 941 vocem
1261 874 1483 960 habet,
1532 875 1671 940 vim
1712 898 1844 941 non
1886 875 2105 942 habet.

358 979 569 1044 Delor
610 979 813 1043 animi
861 977 1117 1064 [multo]
1163 980 1433 1064 gravior
1478 989 1577 1044 est
1620 1001 1814 1065 quam
1860 980 2166 1066 corporis.

360 1079 573 1145 Dulce
619 1081 816 1146 etiam
860 1079 1094 1166 fugias»,
1143 1081 1285 1145 fieri
1329 1080 1505 1168 quod
1550 1101 1842 1144 amarum
1887 1090 2125 1168 potest.

192 1190 312 1248 145
359 1182 655 1247 Difficile
700 1193 800 1247 est
843 1183 1054 1248 dolori
1098 1187 1450 1248 convenire
1495 1205 1641 1246 cum
1685 1183 2022 1270 patientia.

360 1286 571 1368 (Deos
615 1283 832 1350 ridere
878 1283 1092 1366 credo,
1141 1307 1287 1349 cum
1331 1283 1497 1349 felix
1539 1284 1785 1370 vocat.)

360 1387 586 1453 Etiam
628 1387 992 1451 innocentis
1039 1387 1220 1472 cogit
1262 1387 1527 1451 mentiri
1572 1385 1777 1452 dolor.

362 1489 583 1554 Etiam
630 1489 930 1576 peccanti
973 1497 1150 1553 recte
1193 1497 1566 1576 praestatur
1608 1487 1793 1553 fides.

364 1591 586 1656 Etiam
631 1589 928 1655 celeritas
954 1591 1044 1654 -in
1088 1589 1417 1655 desiderio
1462 1611 1643 1656 mora
1688 1599 1808 1656 est.

195 1700 316 1759 150
363 1693 474 1757 Ex
518 1693 682 1759 vitio
727 1692 892 1758 alius
941 1693 1208 1780 sapiens
1247 1691 1553 1756 emendat
1599 1714 1807 1758 suum.

363 1796 453 1860 Et
497 1795 792 1860 deest'et
837 1805 1101 1882 superat
1139 1796 1400 1860 miseris
1446 1794 1778 1879 cogitatio.

363 1889 584 1961 Etiam
628 1895 936 1961 oblivisci
981 1897 1142 1984 quid
1185 1898 1300 1978 sis,
1346 1895 1679 1961 interdum
1726 1896 2013 1983 expedit.

364 1999 474 2062 ΕΣ
516 1997 850 2063 hominum
895 2007 1126 2086 questu
1170 1997 1346 2062 facta
1390 1997 1685 2064 Fortuna
1729 2006 1829 2062 est
1872 1997 2013 2062 dea.

192 2209 464 2250 comens
497 2212 544 2248 ν.
583 2193 944 2250 123—138:
976 2194 1201 2250 PRBF
1225 2188 1442 2265 (TEC),
1474 2212 1522 2247 v.
1553 2192 1917 2250 139—146:
1948 2193 2020 2264 F,
2052 2211 2101 2248 v.
2128 2192 2487 2250 147—162:

604 2278 830 2336 PRBE
855 2275 1049 2350 (TEG)
1085 2357 1092 2364 θ

192 2402 503 2470 exemplar
545 2399 811 2468 Gruter-i,
855 2402 955 2454 eui
989 2400 1220 2455 lectioni
1250 2402 1391 2469 plus
1431 2400 1755 2471 eleyantiae
1794 2401 1985 2455 inesse
2025 2400 2317 2454 existimat

191 2493 322 2540 utor
350 2490 536 2558 aptum
566 2484 652 2540 Pb
863 2484 1068 2539 invenit
1099 2484 1156 2539 B
1183 2502 1256 2539 m.
1289 2498 1405 2540 sec.
1479 2537 1482 2540 ,
1630 2482 1749 2540 138
1796 2483 1885 2556 Cf.
1922 2502 2019 2558 pq.
2064 2482 2165 2541 52.
2258 2482 2488 2540 Seneca

192 2574 361 2641 epist.
393 2567 466 2641 4,
501 2569 538 2626 6
581 2566 808 2625 ‘nullius
839 2569 918 2624 rei
959 2567 1170 2624 facilior
1199 2569 1416 2624 amissio
1449 2575 1565 2639 est,
1618 2584 1775 2641 quam
1808 2584 1944 2641 quae
1976 2562 2272 2625 desiderari
2300 2569 2491 2632 amissa

193 2672 302 2711 uon
337 2654 568 2728 potest.'
755 2653 1023 2709 Amissum
1057 2653 1120 2707 T.
1156 2654 1353 2709 Faber
1364 2678 1382 2717 ,-
1426 2651 1705 2708 dimissum
1736 2652 1783 2708 L
1966 2652 2087 2711 139
2132 2652 2361 2708 discitur
2388 2652 2489 2709 In-

189 2742 358 2813 yolst.
380 2764 395 2793 .·
436 2738 633 2794 dicitur
661 2738 720 2791 F
891 2736 1007 2793 141
1058 2738 1147 2811 Cf.
1189 2757 1238 2795 v.
1275 2736 1396 2795 235
1442 2743 1499 2794 et
1539 2741 1888 2795 notissimum
1927 2740 2073 2795 illud
2110 2737 2221 2793 ‘Bis
2264 2737 2356 2793 dat
2399 2739 2493 2811 qui

192 2826 300 2880 cito
331 2820 680 2879 (1313*
711 2822 919 2877 simul:
949 2822 1109 2878 simul
1139 2830 1200 2879 ut
1231 2825 1287 2879 F
1457 2820 1579 2877 142
1624 2822 1862 2879 Damnati
1894 2822 2136 2880 Gruter.
2168 2822 2384 2879 damnat
2416 2824 2487 2893 F,

195 2908 413 2965 damnat
443 2924 580 2981 quae
595 2907 852 3005 Inyolst.
1000 2905 1120 2964 143
1169 2908 1256 2980 Cf.
1292 2928 1341 2965 v.
1379 2906 1528 2970 102;
1562 2908 1833 2964 Menand.
1866 2908 2113 2965 Monost.
2148 2906 2226 2963 75
2256 2899 2492 2981 βέλτιόν

193 2986 314 3049 ἐστι
349 2991 522 3065 σῶμα
552 2980 610 3067 γ’
645 2982 686 3062 ἢ
715 2980 924 3065 ψυχὴν
951 2992 1170 3047 νοσεῖν.
1341 2989 1376 3026 *
1411 2986 1645 3069 [multo]
1680 2995 1829 3112 (111ῖὶἑξς
1844 3011 1893 3049 v.
1920 2991 2028 3050 53·
2075 2991 2238 3049 nimio
2270 2992 2489 3056 Bothe;

194 3080 444 3152 corporis
477 3072 693 3153 [dolor]
729 3076 945 3134 Gruter
983 3082 1138 3134 mala
1170 3094 1423 3134 caesura
1632 3072 1829 3133 144*
1860 3078 2117 3151 patientia
2148 3080 2280 3135 coll.
2314 3078 2483 3135 Caec.

194 3164 384 3221 Balbo
419 3163 560 3219 Par.
593 3162 708 3232 82,
746 3161 994 3236 p9.42,
1031 3162 1106 3219 13
1151 3160 1233 3218 1).
1269 3171 1354 3217 est
1394 3164 1620 3218 iniuriae
1652 3180 1697 3223 c.
1732 3180 1855 3219 cum
1884 3163 2166 3237 patientia'
2212 3170 2267 3219 et
2310 3164 2482 3219 Walt.

197 3249 362 3305 Burl.
397 3248 562 3305 Socr.
609 3204 708 3304 εἸ).
726 3254 810 3303 est
847 3248 1098 3303 iniuriam
1129 3263 1176 3304 c.
1209 3264 1330 3303 cum
1372 3249 1680 3320 patientia':
1727 3249 1993 3322 sapientia
2022 3248 2091 3304 F.
2187 3246 2275 3320 Cf.
2306 3249 2487 3305 Pseu-

187 3336 389 3390 ·dosen.
424 3335 496 3389 de
525 3350 666 3389 mor.
701 3332 737 3389 6
781 3331 963 3387 ‘dolor
1003 3333 1261 3405 patientia
1295 3331 1572 3388 vincitur'.
1789 3332 1910 3390 146
1959 3332 2048 3405 Of.
2082 3353 2133 3390 v.
2167 3332 2288 3388 241

193 3418 368 3475 ridere
399 3418 662 3473 Palatini
675 3441 689 3471 .·
733 3415 962 3473 reddere
992 3417 1066 3487 F,
1098 3416 1259 3473 rideri
1299 3418 1509 3480 Bothe,·
1554 3436 1629 3473 an
1655 3418 1775 3491 fuit
1807 3418 2055 3474 irritare?
2153 3425 2309 3473 vocat
2342 3416 2489 3474 Gru-

197 3510 316 3559 ter.-
359 3510 522 3559 vocet
550 3503 624 3573 F,
661 3501 816 3559 fovet
845 3500 1106 3569 Palatini
1310 3500 1427 3557 147
1474 3503 1779 3558 innocentis
1808 3502 2006 3559 PRB:
2044 3504 2365 3559 innocentes
2394 3501 2497 3557 FC'

211 3587 368 3645 Vino.
415 3588 564 3643 Bell.
609 3603 697 3658 sp.
735 3588 795 3643 d.
827 3585 900 3657 4,
935 3586 1054 3641 112
1229 3593 1394 3659 coget
1422 3586 1529 3643 PR
1706 3586 1823 3644 148
1870 3588 2029 3643 etiam
2075 3588 2389 3645 Erasmus:
2433 3596 2489 3644 et

197 3679 372 3729 tamen
401 3672 448 3727 L
619 3666 655 3705 '¹⁵
686 3672 931 3744 peccanti
960 3672 1088 3727 coll.
1121 3690 1172 3727 v.
1205 3670 1304 3727 52.
1339 3670 1438 3727 57.
1477 3671 1625 3727 161:
1672 3678 1893 3745 peccato
1925 3671 2068 3743 RB,
2112 3673 2235 3727 huic
2264 3680 2486 3745 peccato

197 3758 268 3827 F,
293 3757 570 3831 peccatori
599 3756 940 3826 Ber-nensis,
973 3756 1030 3811 B
1057 3772 1177 3812 sec.
1207 3774 1280 3811 m.
1312 3757 1368 3812 in
1399 3760 1621 3830 peccato
1652 3756 1948 3827 PithoeuS,
1975 3756 2235 3828 fortasse
2268 3760 2489 3813 rectius
2613 3791 2619 3795 -

366 3840 486 3897 149
536 3839 626 3913 Cf.
673 3840 840 3897 Caec.
885 3840 1052 3897 Balb.
1095 3841 1252 3898 Mon.
1302 3841 1370 3911 1,
1406 3838 1519 3909 15,
1550 3859 1650 3914 pq.
1686 3841 1763 3898 19
1818 3839 2135 3914 ‘Cupiditati
2173 3842 2291 3914 ipsa
2328 3842 2491 3899 etiam

199 3926 342 3982 tarda
386 3932 473 3982 est
507 3923 795 3981 celeritas.
999 3942 1187 3981 norma
1233 3926 1392 3983 Vinc.
1427 3926 1578 3981 Bell.
1611 3942 1697 3997 sp.
1728 3928 1781 3981 d.
1814 3924 1875 3996 4,
1908 3924 1989 3981 94
2193 3924 2315 3985 150
2357 3927 2489 3984 vitio

200 4010 324 4067 alius
365 4012 722 4067 Ritsehelius
763 4026 963 4083 opusc.
1003 4008 1073 4080 2,
1109 4009 1260 4067 675.-
1307 4028 1353 4064 v.
1399 4009 1621 4065 alterius
1652 3996 1833 4083 LEO,
1875 4009 2096 4067 alterius
2136 4012 2267 4068 vitio
2328 4012 2485 4069 Vino.

201 4095 346 4152 Bell.
389 4112 478 4166 sp.
511 4098 566 4151 d.
599 4094 671 4168 4,
705 4094 804 4151 27.
850 4094 921 4166 5,
953 4094 1032 4151 37
1211 4094 1325 4151 151
1373 4103 1625 4167 superest
1666 4097 1791 4152 cod.
1840 4095 2060 4170 Gryph.
2105 4104 2159 4153 et
2188 4096 2487 4153 Bentleius

240 4240 245 4245 ,
364 4179 483 4236 152
531 4182 626 4253 qui
658 4179 730 4251 C,
769 4180 948 4235 Bentl.
986 4195 1065 4236 ex
1095 4182 1218 4235 cod.
1255 4180 1504 4250 Gaiano,
1547 4179 1695 4253 quod
1736 4181 1810 4236 sis
1838 4181 2205 4238 Penthaleon
2238 4197 2316 4238 ex
2348 4199 2483 4239 eon-

201 4268 441 4336 iectura,
476 4264 603 4338 quid
633 4266 704 4320 sit
733 4265 852 4321 cod.
885 4264 1095 4319 Panth.
1264 4263 1381 4321 153
1429 4262 1495 4321 Et
1526 4266 1805 4321 hominum
1834 4266 1889 4321 P
2014 4273 2210 4337 questu
2243 4265 2489 4324 PbBFC

202 4356 258 4404 ut
280 4354 584 4422 proposuit
616 4350 930 4406 Erasmus.-
977 4356 1212 4422 quaestu.
1237 4348 1383 4406 PaR
1508 4348 1518 4361 ‘
1557 4358 1643 4406 est
1677 4350 1807 4407 sort.
1840 4350 1943 4406 dea
1969 4350 2071 4407 FC
