2917 4950
771 293 983 339 11111111
1029 292 1493 344 PUBmmANAs
1541 292 1931 340 RECEPTAE.
2377 279 2496 342 133

367 450 640 536 Semper
683 445 1007 511 redundat
1051 447 1193 534 ipse
1237 449 1307 511 in
1353 455 1654 513 auctores
1677 447 1914 512 timor.

366 551 593 616 Servis
640 551 959 636 imperare
1002 549 1335 614 moderate
1380 548 1520 613 laus
1569 557 1689 614 est.

368 653 699 718 Severitas
744 650 1011 716 assidua
1054 652 1296 717 amittit
1340 651 1819 716 auctoritatem.

368 755 798 820 Severitatem
843 753 1155 836 abditam,
1204 754 1614 818 clementiam
1659 755 1728 817 in
1770 753 2112 840 procinctu
2155 753 2346 818 habe.

178 864 317 922 345
369 857 479 922 Sic
523 856 831 944 prodesto
876 857 1107 938 amico,
1154 878 1237 920 ne
1282 856 1406 921 tibi
1450 876 1720 939 noceas3
1769 855 1864 919 sic
1907 876 2030 940 age
2070 855 2374 940 alienum,
2421 867 2494 921 ut

1268 967 1455 1023 tuum
1498 979 1630 1022 non
1675 956 2089 1024 obliviscaris
2135 961 2490 1044 negotium.
2559 969 2568 975 ‘

366 1061 524 1126 Sine
569 1070 739 1126 teste
782 1059 1037 1124 nullum
1082 1081 1226 1126 6336
1268 1061 1606 1148 putaveris
1653 1059 1886 1125 locum.

366 1165 438 1230 Si
483 1165 629 1251 quis
672 1163 757 1226 ab
804 1162 931 1228 alio
976 1163 1179 1228 iratus
1226 1185 1468 1251 poenas
1517 1163 1790 1250 expetit,
1837 1183 1877 1226 a
1921 1184 1994 1226 se
2037 1163 2268 1248 exigit.

367 1265 440 1332 Si
486 1267 589 1330 vis
636 1267 861 1349 amari,
907 1289 1073 1330 ama.

367 1367 697 1434 Solacium
742 1367 994 1453 grande
1040 1377 1139 1432 est
1186 1389 1331 1432 cum
1377 1370 1687 1432 universo
1731 1388 1864 1431 una
1907 1366 2070 1452 rapi.

176 1479 319 1538 350
365 1471 710 1538 Sordidius
754 1470 959 1536 multo
1004 1471 1293 1535 vivimus
1341 1493 1536 1558 quam
1581 1471 1929 1535 nascimur.

364 1574 716 1661 Spiritum,
780 1595 974 1660 quem
1028 1592 1196 1637 1111113
1254 1574 1380 1638 tibi
1432 1573 1649 1655 dedit,
1707 1571 1862 1636 licet
1907 1572 2234 1670 minentur
2279 1573 2487 1654 multi,

1260 1697 1393 1741 non
1434 1674 1694 1791 peideS,
1739 1675 1869 1738 nisi
1911 1696 2080 1738 1111113
2124 1673 2488 1739 abstulerit.

362 1777 649 1844 Stultum
694 1788 825 1860 est,
886 1781 996 1865 qui
1040 1777 1526 1844 multitudinem
1570 1778 1641 1840 in
1684 1776 1826 1842 loco
1870 1777 2090 1858 timet,
2136 1799 2255 1862 per
2299 1799 2491 1864 quem

1261 1881 1391 1945 nisi
1435 1903 1602 1944 1111113
1647 1887 1862 1966 potest
1905 1878 2204 1941 transire.

363 1983 650 2048 Stultum
696 1991 793 2046 est
836 1982 1089 2070 timere,
1136 1984 1312 2070 quod
1355 1983 1556 2047 vitari
1599 2004 1734 2048 non
1777 1989 2015 2068 potest.

362 2084 647 2150 Stultum
690 2086 1014 2172 imperare
1056 2084 1352 2172 reliquis,
1400 2085 1513 2172 qui
1556 2085 1770 2148 nescit
1815 2082 1965 2147 sibi.

402 2186 818 2252 ¹Suavissima
861 2185 1022 2250 haec
1068 2195 1165 2251 est
1209 2188 1369 2270 vita,
1418 2187 1476 2250 si
1522 2187 1738 2273 sapias
1785 2183 1974 2248 nihil.

174 2255 311 2314 355
364 2190 580 2392 {Nam
625 2309 856 2376 sapere
901 2287 997 2352 nil
1040 2288 1282 2354 doloris
1330 2310 1567 2375 expers
1613 2295 1712 2352 est
1755 2285 2018 2363 malum.

361 2392 669 2459 Subiecta
714 2413 972 2480 semper
1015 2391 1310 2456 invidiae
1354 2389 1662 2454 felicitas·

360 2492 655 2562 Subinde
698 2494 817 2560 bos
862 2494 1113 2559 alienus
1157 2503 1534 2583 prospectat
1578 2493 1775 2558 foras.

360 2597 677 2685 Suspecta
723 2619 978 2686 semper
1023 2606 1403 2663 ornamenta
1448 2594 1835 2660 ementibus

358 2700 605 2765 Tacere
650 2722 767 2787 pro
812 2722 882 2764 se
926 2710 1239 2787 praestat,
1288 2721 1481 2788 quam
1527 2707 1752 2762 contra
1795 2696 1993 2784 loqui.

175 2813 312 2870 360
358 2803 642 2867 Tamdiu
684 2825 723 2866 a
766 2802 1055 2889 periculo
1116 2803 1328 2867 aberit
1372 2798 1686 2889 populuS,
1745 2799 2058 2885 quamdiu
2103 2802 2268 2865 sciet
2312 2801 2484 2864 ferre

1257 2904 1500 2968 frenos.

357 3006 640 3071 Tamdiu
684 3006 1069 3072 discendum
1114 3017 1211 3072 est
1255 3006 1525 3089 homini,
1574 3004 1884 3092 quamdiu
1926 3004 2199 3069 nesciat.

358 3110 519 3173 Tam
566 3109 869 3175 omnibus
916 3133 1109 3197 quam
1156 3108 1319 3174 nulli
1361 3110 1702 3195 ignoscere
1749 3117 1846 3172 est
1892 3105 2264 3171 crudelitas,

497 3255 506 3258 -
529 3252 597 3259 ——-

358 3321 475 3379 341
524 3323 621 3378 Ps.
658 3322 783 3378 Sen.
816 3321 882 3377 de
923 3324 999 3378 ira
1033 3320 1103 3394 2,
1140 3320 1249 3393 11,
1284 3322 1321 3377 3
1352 3321 1480 3377 coll.
1513 3320 1636 3377 8611.
1671 3318 1860 3392 Oedip.
1896 3318 2017 3377 704
2049 3320 2132 3375 ed.
2165 3319 2324 3376 Both.
2362 3320 2480 3377 719

174 3408 263 3465 ed.
299 3407 447 3481 Peip.
652 3407 773 3464 342
823 3406 929 3463 Ρη.
962 3406 1087 3463 8611.
1134 3405 1200 3461 de
1239 3406 1395 3461 clem.
1446 3406 1475 3460 1
1498 3449 1514 3478 ,
1551 3404 1663 3476 18,
1700 3405 1731 3459 1
1937 3403 2058 3461 343
2106 3406 2214 3461 Ρη.
2251 3404 2378 3461 86η.
2411 3406 2479 3463 de

175 3494 339 3549 clem.
378 3493 444 3563 1,
478 3492 590 3565 22,
624 3492 658 3547 2
847 3491 969 3549 344
1017 3494 1115 3549 Go.
1150 3491 1274 3547 Sen.
1320 3490 1385 3546 de
1424 3490 1580 3546 clem.
1619 3491 1686 3561 1,
1723 3491 1788 3558 1,
1820 3487 1859 3543 4
2055 3488 2177 3546 345
2226 3490 2292 3559 Q.
2327 3491 2478 3548 Caec.

174 3576 327 3633 Balb.
359 3578 475 3633 Par.
510 3576 613 3650 45,
646 3577 744 3636 46.
778 3596 873 3652 pg.
905 3577 983 3633 41
1145 3576 1266 3633 346
1311 3577 1381 3631 F.
1418 3576 1508 3647 Cf.
1544 3592 1706 3648 supra
1736 3592 1832 3649 pg.
1875 3574 1976 3645 91,
2014 3575 2089 3632 16
2241 3576 2362 3631 347
2412 3578 2478 3633 F.

178 3663 275 3735 Cf.
311 3679 473 3736 supra
504 3681 599 3737 pg.
635 3664 777 3735 107,
813 3662 933 3721 105
1128 3660 1251 3718 348
1300 3661 1396 3718 Go.
1431 3660 1559 3716 Sen.
1590 3661 1748 3732 epist.
1786 3659 1844 3731 9,
1879 3659 1914 3715 6
2111 3659 2231 3717 349
2281 3662 2380 3717 Gr.
2417 3678 2480 3717 ex

176 3748 303 3803 cod.
338 3747 503 3803 Palat.
568 3748 693 3804 Sen.
728 3749 804 3805 de
824 3741 1041 3822 provid.
1074 3746 1133 3819 5,
1166 3745 1203 3804 8
1365 3744 1490 3803 350
1537 3745 1634 3801 Gr.
1672 3762 1736 3801 ex
1766 3744 1930 3801 Palat.
1997 3744 2066 3799 De
2098 3761 2234 3801 mor.
2275 3745 2348 3803 19

178 3834 303 3890 351
351 3835 419 3889 P.
595 3833 716 3890 352
766 3833 830 3902 Q.
1003 3832 1125 3889 353
1172 3833 1245 3887 Ε.
1286 3832 1375 3905 Cf.
1410 3846 1574 3905 supra
1604 3849 1700 3906 pg.
1736 3829 1879 3901 107,
1917 3829 2038 3886 100
2207 3828 2331 3887 354
2372 3831 2476 3888 Ps.

177 3919 334 3973 Caec.
369 3916 514 3974 Balb.
546 3917 666 3974 Par.
700 3918 813 3989 35,
843 3936 937 3993 pg.
970 3917 1083 3988 40,
1122 3918 1368 3974 Stultum
1410 3924 1528 3988 est,
1571 3920 1624 3973 si
1665 3920 1794 3973 velit
1835 3918 2130 3986 imperare
2173 3918 2337 3988 aliz'S,
2381 3921 2482 3991 qui

176 4006 289 4060 sibe·
316 4006 501 4060 nescit
533 4003 597 4072 Q.
716 4003 837 4061 355
884 4004 992 4060 Bo.
1020 4002 1186 4076 Soph.
1215 4003 1356 4063 Aiac.
1386 4000 1510 4058 554
1626 4000 1747 4059 356
1798 4002 1880 4057 Gr
1905 4000 1960 4055 2.
1991 3999 2137 4057 Caec.
2165 4001 2306 4057 Ball».
2333 4002 2477 4059 Mon.

182 4090 293 4159 10,
326 4088 398 4160 4,
429 4107 521 4162 pg.
558 4087 635 4142 22
824 4088 942 4145 357
992 4090 1100 4145 Bo.
1132 4087 1384 4143 Proverh.
1420 4103 1596 4161 graec.
1632 4103 1695 4141 ex
1726 4085 1930 4141 Erasmi
1960 4085 2130 4161 Adag.
2171 4087 2227 4158 1,
2264 4087 2362 4159 10,
2398 4088 2474 4145 62

353 4173 474 4231 358
520 4174 619 4230 Ps.
654 4173 778 4229 8611.
812 4173 971 4247 epist.
1008 4174 1109 4245 80,
1144 4173 1179 4229 9
1356 4173 1478 4230 359
1528 4171 1611 4227 Gr
1642 4171 1698 4228 2.
1735 4172 1888 4228 Caec.
1919 4170 2066 4227 Balb.
2098 4172 2243 4227 Mon.
2279 4172 2380 4243 26,
2415 4174 2474 4244 3,

173 4278 273 4335 pg.
307 4258 385 4316 28
583 4258 708 4316 360
753 4258 853 4316 Go.
888 4258 1011 4315 Sen.
1046 4258 1113 4315 de
1144 4259 1299 4314 clem.
1340 4260 1395 4330 l,
1428 4257 1485 4329 4,
1522 4257 1558 4313 2
1746 4258 1864 4315 361
1918 4257 2014 4314 Gr.
2052 4274 2116 4313 ex
2145 4257 2314 4313 Palat.
2347 4257 2472 4313 Sen.

175 4345 337 4419 epist.
375 4345 473 4415 76,
507 4343 542 4399 2
717 4344 839 4401 362
884 4345 995 4401 Ρη.
1027 4343 1149 4400 Sen.
1183 4343 1249 4399 de
1275 4343 1428 4399 clem.
1467 4344 1534 4414 1,
1569 4342 1640 4414 2,
1673 4341 1711 4397 2
