2917 4950
971 342 1523 396 Pnonneomnm.
2316 333 2408 400 51

131 498 188 561 id
237 498 488 584 quidem
545 498 816 562 mirum:
875 521 1027 566 nam
1063 522 1237 587 quae
1281 511 1515 588 poetae
1559 500 1820 586 elegans
1867 511 2006 567 erat
2050 502 2399 569 verborum

131 598 459 684 collocatio,
507 621 584 664 ea
625 625 758 668 non
801 612 982 667 recta
1027 625 1168 668 esse
1212 603 1563 668 videbatur
1607 603 2055 690 grammaticis
2102 605 2393 694 discipli-

127 725 227 765 nae
255 703 608 769 commodis
639 705 1185 790 inservientibus3
1230 707 1426 772 immo
1461 728 1585 793 quo
1617 705 1875 771 facilius
1909 707 2168 793 singula
2199 730 2395 772 enun-

125 806 264 869 tiata
304 804 614 894 discipuli
656 809 1086 894 perciperent,
1133 807 1339 873 verba
1384 810 1482 872 ita
1513 807 1940 891 collocabant,
1986 819 2060 875 ut
2089 809 2399 875 facillime

26 975 27 980 1
125 910 178 970 in
215 911 494 995 patrium
539 916 899 975 serm'onem
945 912 1117 975 verti
1161 921 1447 997 possent.
1535 911 1629 975 Ut
1674 910 1972 998 exemplo
2016 923 2186 995 utar,
2234 911 2398 978 solet

123 1009 420 1075 Publilius
466 1033 822 1099 pronomen
866 1011 1220 1078 relativum
1251 1036 1380 1078 non
1411 1014 1600 1078 initio
1634 1014 1953 1078 enuntiati
1982 1037 2245 1101 ponere,
2278 1015 2397 1079 sed

123 1112 300 1178 altero
347 1112 455 1177 vel
499 1116 693 1179 tertio
739 1114 912 1199 loco;
962 1113 1080 1179 sed
1125 1115 1383 1181 saeculo
1416 1115 1617 1180 XIII.
1694 1115 2083 1183 Vincentius
2116 1118 2397 1183 turbatis

121 1215 330 1280 iambis
377 1217 642 1303 scripsit
687 1240 753 1281 v.
798 1218 839 1281 2
883 1219 1051 1300 quod
1093 1218 1278 1283 alteri
1317 1219 1557 1301 feceriS,
1608 1218 1686 1282 12
1717 1221 1827 1301 qai
1872 1240 2027 1285 cam.
2058 1220 2227 1284 ebrio
2273 1185 2398 1283 li'ti-

117 1323 224 1399 qat,
273 1319 392 1383 179
439 1321 551 1401 qui
591 1321 780 1402 fidem
811 1321 1044 1402 perdit.
1117 1309 1319 1400 Quid
1365 1321 1542 1406 quod
1593 1321 1724 1386 iam
1770 1320 2028 1387 saeculo
2075 1321 2202 1386 XI.
2249 1319 2395 1430 Fri-

24 1439 27 1454 ·
123 1421 419 1505 singensis
467 1441 733 1486 versum
776 1421 902 1486 463
948 1422 1043 1485 sic
1091 1420 1388 1486 exhibet.

499 1580 623 1641 Pro
665 1581 954 1641 medicina
996 1585 1078 1640 est
1121 1582 1299 1650 dolor,
1345 1584 1448 1654 qui
1490 1577 1741 1642 dolorem
1783 1589 1971 1653 necat,

24 1737 27 1808 j
122 1737 505 1814 repugnante
548 1737 779 1811 metro,
828 1727 1004 1815 quod
1048 1730 1181 1792 iam
1224 1727 1547 1794 Gruterus
1593 1737 1768 1794 recte
1813 1731 1909 1794 sic
1956 1731 2243 1795 correxit
2287 1731 2395 1795 do-

124 1832 288 1896 lorem
330 1833 682 1949 quqbeyecat.
727 1830 864 1898 Of.
909 1830 997 1922 ad
1041 1853 1106 1894 v.
1152 1831 1258 1894 46.
1333 1829 1489 1894 Alia
1533 1840 1753 1895 tamen
1798 1832 2090 1897 eiusdem
2133 1835 2395 1917 generis

115 1933 210 1996 vel
249 1933 643 1999 novissimos
691 1897 974 1997 editores
1022 1932 1409 2018 effugerunt.
1500 1932 1602 1997 Cf.
1648 1933 1734 1997 ad
1778 1941 1843 1997 v.
1888 1934 2035 1998 441.
2067 1935 2215 1998 442.
2246 1935 2395 1999 447.

122 2035 245 2099 601.
331 2035 510 2099 Hinc
555 2035 838 2100 efficitur-
881 2035 1195 2118 codicem,
1244 2056 1330 2099 ex
1373 2056 1502 2121 quo
1538 2034 1983 2121 Frisingensis
2029 2033 2397 2123 descriptus

39 2135 46 2146 ’
123 2149 224 2221 cst,
268 2148 611 2257 expertum
658 2159 801 2202 esse
845 2160 1111 2202 manum
1143 2136 1648 2201 emendatricem
1678 2139 2090 2224 grammatici
2120 2137 2397 2202 alicuius

122 2249 174 2303 et
213 2243 393 2328 quasi
435 2239 728 2305 medium
772 2239 975 2305 fuisse
1020 2241 1192 2304 inter
1221 2239 1646 2304 Turicensem
1692 2249 1757 2305 et
1799 2238 2001 2306 libros
2048 2239 2397 2327 interpola-

121 2342 381 2407 tionibus
438 2344 670 2406 minus
715 2341 992 2407 infectos
1043 2341 1264 2423 PRB,
1321 2341 1422 2406 his
1469 2351 1686 2407 tamen
1730 2345 2121 2430 propiorem.
2214 2341 2399 2423 Quid

120 2441 278 2509 aliud
320 2445 454 2511 sibi
497 2443 709 2511 voluit
752 2431 1180 2534 interpolator
1218 2393 1336 2509 ille
1380 2467 1444 2509 v.
1498 2446 1618 2510 148

528 2606 735 2665 Etiam
775 2606 910 2664 haic
941 2610 1175 2679 peccato
1217 2609 1362 2665 recte
1393 2609 1736 2678 praestatur
1774 2606 1939 2677 fide-3,

21 2823 27 2832 ¹
123 2771 292 2837 quam
335 2762 409 2818 ut
466 2752 693 2818 addito
737 2751 1054 2841 vocabulo
1099 2752 1245 2817 haic
1287 2761 1581 2817 moneret
1612 2757 1867 2835 peccato
1914 2773 2054 2816 esse
2100 2751 2397 2817 dativum

19 2855 28 2948 j
120 2876 229 2919 non
278 2854 676 2936 ablativum,
733 2853 841 2918 vel
897 2848 1089 2942 p'osse
1142 2876 1259 2942 pro
1315 2875 1385 2918 re
1433 2854 1809 2939 (peccatum)
1855 2875 2198 2942 personam
2242 2854 2393 2919 sub-

17 3012 19 3027 2
122 2958 285 3021 stitui
333 2956 677 3043 (peccanti,
724 2955 831 3020 vel
865 2958 1214 3039 peccatori,
1260 2966 1332 3020 ut
1391 2958 1704 3043 scriptum
1752 2966 1851 3020 est
1907 2958 1979 3020 in
2023 2957 2395 3045 Bernensi),

122 3079 248 3123 cum
291 3083 376 3125 ex
419 3060 745 3125 Dositheo
789 3059 1250 3144 grammaticos
1296 3061 1679 3145 pronomine
1723 3060 1853 3143 hic,
1898 3061 2077 3140 haec,
2104 3061 2265 3157 stoc,
2311 3059 2398 3123 ad

120 3160 538 3229 denotandum
581 3184 788 3247 genus
833 3159 1294 3243 masculinum,
1343 3161 1730 3225 femininum
1772 3170 2204 3249 neutrumque
2245 3184 2395 3227 usos

121 3286 243 3330 esse
286 3268 588 3330 sciamus.
619 3337 634 3347 ‚
665 3263 847 3347 Quid
894 3273 994 3329 est
1037 3261 1219 3327 aliud
1259 3272 1444 3350 prov.
1478 3264 1561 3328 36
1593 3285 1856 3346 peccare
1899 3285 1973 3329 ex
2016 3266 2397 3347 acyliyentia

117 3368 196 3432 vel
239 3369 621 3452 frayilitate,
677 3368 808 3434 nisi
862 3366 1566 3455 interpretamentum?
1631 3365 1734 3431 Of.
1780 3375 2117 3453 praeterea
2161 3388 2225 3433 v.
2271 3366 2391 3430 601

117 3472 221 3535 sibi
274 3474 400 3555 ipsi
449 3470 613 3555 (dat)
666 3471 1076 3553 suppliciam,
1135 3466 1310 3555 quod
1356 3489 1511 3530 num
1555 3466 1832 3533 latinum
1876 3470 1964 3533 sit
2008 3466 2271 3558 dubito,
2328 3489 2395 3543 V,

118 3571 224 3636 211
268 3596 412 3639 cave
459 3572 624 3659 (ne),
685 3595 749 3635 v.
795 3572 919 3637 628
963 3574 1189 3637 misero
1200 3620 1219 3655 ,
1267 3590 1432 3656 quae
1478 3572 1695 3635 omnia
1738 3592 2001 3658 prorsus
2047 3568 2209 3635 mihi
2252 3591 2395 3655 per-

129 3675 409 3759 suadent,
457 3676 530 3740 in
573 3697 640 3738 v.
686 3676 809 3739 207
860 3695 1118 3762 quoque

470 3834 740 3895 Honesta
781 3834 1078 3907 turpitudo
1123 3836 1204 3892 est
1246 3833 1398 3891 mori
1429 3848 1544 3905 pro
1589 3848 1769 3891 caasa
1815 3831 1985 3899 bona,

128 3976 426 4064 glossema
457 4005 599 4048 esse
628 3984 810 4066 mori,
843 3998 1230 4068 quamquam
1263 3980 1332 4043 in
1363 3978 1664 4043 omnibus
1695 3976 1880 4042 libris
1913 3987 2243 4043 servatum
2276 3988 2393 4044 est.

273 4087 337 4173 3)
381 4086 524 4151 Nec
567 4093 787 4149 tamen
849 4082 1263 4168 grammatici
1306 4078 1405 4144 illi
1451 4120 1532 4126 —
1576 4082 1705 4144 nisi
1750 4080 2249 4166 interpolatores
2297 4082 2407 4153 di<

15 4186 24 4193 '
130 4204 253 4249 cere
292 4188 500 4253 mavis
529 4226 616 4235 ——
647 4184 922 4273 singulis
968 4183 1243 4251 vocibus
1287 4184 1651 4266 mutandis,
1697 4181 2044 4265 addendiS,
2091 4192 2388 4269 transpo-

130 4288 334 4353 nendis
365 4290 652 4356 contenti
683 4285 1111 4370 fuerunt,'sed
1146 4307 1220 4349 eo
1252 4286 1586 4371 progressi
1616 4295 1788 4367 sunt,
1813 4294 1887 4349 ut
1916 4284 2391 4369 interpretandi

133 4398 185 4451 et
222 4392 512 4457 variandi
558 4392 771 4477 gratia
814 4412 1019 4456 novas
1065 4388 1421 4453 sententias
1470 4388 1792 4473 fingerent
1836 4408 2074 4472 easque
2118 4384 2203 4448 ad
2245 4407 2389 4448 ver-

1908 4488 1983 4540 4*

397 4682 426 4717 Ι
