2917 4950
537 271 622 339 20
1411 285 1959 341 rnonneounm.

538 445 706 511 liber
759 446 1312 534 proverbiorum’,
1369 448 1414 511 i.
1474 469 1529 510 e.
1585 447 1947 512 sententiae
2005 445 2308 529 Publilii,
2369 446 2605 532 quibus
2660 441 2799 509 aliae

535 557 755 612 tamen
799 549 1200 638 irrepserunt
1243 571 1328 613 ex
1367 548 1517 614 aliis
1548 549 1925 614 auctoribus
1957 548 2359 636 desumptae.
2434 547 2581 613 Hoc
2608 557 2797 612 autem

531 651 605 714 in
649 650 874 715 codice
918 650 1252 736 singulare
1297 661 1430 734 est,
1490 651 1664 739 quod
1710 652 1833 717 sub
1876 652 2071 716 finem
2116 650 2610 737 proverbiorum
2655 649 2797 712 litte-

533 775 647 817 rae
705 751 770 818 V
801 753 1044 838 viginti
1089 753 1226 817 fere
1269 755 1633 819 sententiae
1676 754 2062 819 subiunctae
2106 763 2291 838 sunt,
2348 753 2587 839 partim
2632 751 2797 838 pede·

536 866 737 939 stres,
795 855 1020 919 decem
1065 855 1511 940 Publilianae,
1557 857 1943 943 mediusque
1986 857 2088 920 his
2134 857 2414 920 insertus
2459 876 2691 918 versus
2734 853 2798 936 (si

535 957 728 1023 modo
771 979 1001 1022 versus
1049 959 1173 1042 est)
1219 968 1485 1023 nostrae
1531 957 1840 1023 editionis
1884 957 2043 1041 638,
2091 956 2418 1046 prioribus
2464 955 2798 1020 editoribus

535 1063 820 1143 ignotus.
1839 1137 1847 1142 ,

704 1163 844 1226 Iam
887 1171 1126 1247 agmen
1171 1160 1480 1226 claudant
1523 1163 1572 1227 ii
1616 1162 1898 1246 codices,
1947 1163 2059 1249 qui
2102 1184 2143 1225 a
2185 1160 2513 1249 prioribus
2557 1157 2799 1225 Publilii

535 1262 894 1328 editoribus
939 1262 1224 1327 adhibiti
1268 1274 1442 1328 sunt.

707 1364 986 1430 Codex
1031 1365 1382 1448 Erasmi,
1431 1367 1611 1431 cuius
1657 1366 1741 1430 ad
1786 1365 1982 1430 fidem
2012 1368 2156 1453 ipse
2201 1364 2555 1430 editionem
2584 1364 2797 1452 princi-

535 1488 684 1554 pem
730 1468 1006 1531 curavit.
1083 1467 1256 1531 Eum
1300 1489 1444 1532 esse
1490 1491 1575 1532 ex
1618 1471 1722 1551 iis,
1770 1490 1929 1555 quos
1972 1467 2311 1533 Bentleius
2358 1489 2445 1531 ex.
2482 1465 2797 1532 Cantabri-

533 1570 682 1654 giae
724 1568 1143 1634 bibliothecis
1189 1571 1428 1658 petitos
1474 1571 1617 1659 ipse
1661 1573 1976 1654 versavit,
2022 1569 2217 1633 valde
2260 1571 2402 1633 veri
2447 1568 2657 1633 simile
2696 1576 2796 1630 est.

705 1671 983 1737 Codex
1026 1671 1646 1755 Panthaleonis,
1696 1675 2002 1760 ‘scriptus
2048 1681 2200 1736 ante
2244 1669 2493 1758 aliquot
2538 1668 2795 1748 saecula,

534 1773 807 1862 pulvere
851 1782 917 1838 et
958 1774 1153 1838 tineis
1200 1773 1337 1837 fere
1381 1778 1773 1861 corruptus’,
1819 1784 1892 1839 ut
1936 1775 2078 1863 ipse
2119 1773 2281 1837 dicit
2323 1774 2393 1837 in
2422 1772 2799 1860 praefatione

537 1877 843 1942 editionis
888 1898 1059 1940 anno
1111 1875 1273 1940 1544
1315 1877 1385 1939 in
1429 1876 1640 1940 lucem
1688 1863 1981 1942 emissae.

707 1979 859 2041 Duo
903 1977 1222 2042 codices
1255 1976 1338 2042 Gr.
1372 1977 1779 2062 Fabricii,
1825 1981 1895 2043 in
1926 2000 2199 2065 quorum
2231 1977 2436 2043 altero
2467 1976 2799 2042 Proverbia

537 2080 824 2145 Senecae
878 2077 1190 2143 videntur
1244 2081 1492 2167 scripta
1534 2081 1769 2165 fuisse3
1832 2080 2113 2148 alterum
2157 2081 2260 2145 his
2307 2081 2530 2144 verbis
2577 2078 2798 2164 signifi-

537 2182 744 2246 cavit:
801 2183 1372 2269 ‘manuscriptum,
1417 2183 1491 2246 in
1536 2205 1663 2270 quo
1706 2183 2055 2249 multorum
2100 2182 2411 2248 collectae
2454 2193 2638 2246 erant
2676 2202 2799 2244 sen-

533 2285 828 2348 tentiae'.

706 2383 1049 2449 Codices
1105 2385 1497 2470 Palatini,
1558 2388 1643 2452 ad
1701 2410 1860 2476 quos
1906 2387 2229 2454 Gruterus
2274 2388 2633 2453 identidem
2675 2407 2797 2471 pro-

535 2497 748 2572 vocat,
795 2485 1055 2553 saeculo
1087 2487 1286 2553 XIII.
1317 2490 1426 2553 vel
1457 2490 1648 2556 XIV.
1695 2515 1827 2557 non
1869 2493 2264 2558 vetustiores
2310 2489 2621 2556 censendi
2649 2496 2799 2567 sunt,

538 2591 708 2654 sicut
751 2588 1084 2675 colligitur
1129 2612 1213 2655 ex
1257 2591 1895 2680 interpolationibus.
1984 2596 2234 2659 Horum
2280 2594 2482 2679 igitur
2523 2613 2644 2679 ope
2674 2611 2797 2653 cum

535 2691 730 2757 facile
775 2714 996 2757 carere
1039 2695 1384 2779 possimuS,
1431 2718 1599 2761 unus
1643 2706 1929 2778 tantum,
1978 2696 2091 2781 qui
2136 2695 2487 2779 indagetur
2530 2704 2597 2758 et
2636 2714 2799 2757 accu-

533 2797 739 2859 ratius
787 2796 1190 2879 excutiatur,
1247 2819 1377 2861 non
1419 2797 1614 2885 plane
1658 2798 1969 2883 indignus
2016 2806 2147 2879 est,
2206 2818 2353 2861 eum
2398 2797 2578 2881 dico,
2638 2796 2799 2859 cuius

535 2897 928 2962 mentionem
975 2897 1135 2962 fecit
1181 2897 1503 2964 Gruterus
1548 2900 1632 2963 ad
1680 2922 1744 2963 v.
1776 2901 1880 2983 35,
1928 2909 1992 2963 et
2038 2921 2229 2986 quem
2274 2898 2553 2963 eundem
2598 2899 2664 2961 in
2705 2895 2798 2957 ad-

533 2999 978 3063 notationibus
1024 2999 1110 3062 ad
1154 3022 1222 3065 v.
1266 3002 1349 3067 39
1395 3011 1461 3065 et
1510 3002 1629 3067 146
1675 3002 2046 3087 significare
2087 2999 2374 3066 videtur.

708 3098 982 3164 Codex
1041 3101 1108 3166 S.
1165 3102 1538 3186 Amandi,
1596 3104 1778 3167 cuius
1837 3098 2135 3168 meminit
2191 3103 2556 3190 Dionysius
2604 3100 2800 3166 Godo-

535 3200 758 3266 fredus
804 3202 873 3265 in
917 3201 1206 3269 editione
1250 3204 1537 3269 Senecae
1579 3227 1749 3270 anno
1799 3207 1962 3271 1590
2005 3208 2303 3271 emissae.

709 3301 1048 3371 Codices
1105 3306 1464 3372 Bentleii
1507 3316 1845 3395 quattuor,
1894 3309 2357 3391 Cottonianus,
2406 3306 2799 3383 Sidneianus,

537 3411 750 3476 codex
779 3412 1010 3477 Caiani
1055 3419 1121 3475 et
1165 3409 1375 3473 codex
1419 3408 1679 3495 collegii
1712 3410 1952 3475 Trinit.
1987 3400 2296 3475 Cantabr.
2346 3420 2619 3497 excepto
2663 3431 2723 3470 v.
2752 3405 2801 3469 9.

541 3512 868 3600 (quicquid
919 3536 1036 3600 pro
1091 3534 1197 3594 ec,
1255 3511 1428 3597 quod
1483 3513 1553 3575 in
1606 3512 1877 3599 reliquis
1926 3512 2121 3577 ,libris
2168 3513 2483 3608 scriptum
2530 3522 2628 3576 est
2670 3508 2805 3591 quid

535 3618 642 3681 vel
687 3617 883 3702 quod)
942 3615 1109 3679 nihil
1152 3614 1290 3678 fere
1336 3613 1494 3679 boni
1536 3614 1812 3695 habent,
1871 3616 2003 3679 nisi
2046 3615 2220 3700 quod
2264 3616 2334 3678 in
2378 3615 2621 3679 nostris
2666 3631 2799 3697 quo-

534 3740 660 3804 que
717 3711 1054 3783 codicibus
1107 3716 1421 3789 traditum
1467 3719 1587 3782 sit.'
1663 3715 1984 3797 Quintum
2028 3715 2351 3799 codicem,
2407 3715 2800 3789 Leidensem,

465 3900 470 3904 .
535 3820 820 3884 Bentleii
862 3822 934 3885 in
977 3820 1255 3906 gratiam
1303 3818 1626 3885 consuluit
1668 3819 2085 3884 Abrahamus
2134 3818 2531 3883 Gronovius,

706 3922 980 3987 Codex
1035 3919 1882 4010 Gryphiswaldensis,
1941 3921 2511 4003 membranaceus,
2566 3915 2799 4017 saeculo

535 4024 672 4087 fere
716 4024 907 4087 XIV.
955 4024 1268 4109 scriptus,
1315 4021 1587 4087 collatus
1633 4046 1673 4087 a
1715 4022 2083 4089 Reinholdo
2130 4046 2300 4117 anno
2354 4024 2532 4104 1838,
2578 4021 2799 4087 nullius

537 4133 638 4188 est
681 4125 896 4210 pretii.
