2917 4950
519 305 603 369 46
1393 317 1941 366 ΡΒοιΕαοΜΕΝΑ.

521 471 737 539 Simili
783 494 996 538 errore
1040 471 1286 538 Dellius
1333 493 1597 536 versum
1641 451 1753 536 ‘I'n
1792 473 1890 536 nil
1931 472 2232 554 sapiendo
2275 473 2408 536 vita
2451 476 2561 536 est·
2580 473 2780 535 iucun-

521 577 807 640 dissima’
863 597 902 638 a
946 573 1229 639 Publilio
1277 596 1360 638 ex
1405 572 1606 659 Soph.
1651 573 1857 636 Aiace
1900 573 2029 637 554
2083 571 2159 637 ἐν
2202 576 2295 658 τῷ
2342 583 2629 657 φρονεῖν
2668 569 2781 654 γὰρ

519 675 732 760 μηδὲν
769 673 1039 759 ἥδιστος
1065 677 1212 758 βίος
1239 675 1632 757 traductum,
1677 674 1915 738 rectius
1946 672 2153 738 Andr.
2190 673 2575 761 Spengelius
2606 673 2781 761 (Con-

519 780 753 842 iectan.
797 778 868 841 in
914 776 1112 864 Soph.
1157 786 1324 862 trag.
1371 775 1672 842 Monach.
1724 776 1907 841 1858.
1952 798 2062 863 pg.
2112 777 2171 840 9.
2222 777 2330 862 10)
2376 777 2781 842 subditicium

415 912 420 917 ·
521 902 662 945 esse
716 879 1002 943 dixerat:
1068 880 1262 944 immo
1323 886 1660 966 receperat
1703 877 2011 961 Bothius,
2073 889 2142 941 ut
2184 876 2423 943 multos
2468 877 2661 961 alios,
2688 877 2784 939 'ex

518 981 781 1065 Erasmi
837 969 1142 1066 Adagi'is.
1234 979 1495 1060 Quibus
1546 990 1846 1045 accurate
1900 980 2235 1066 perpensis
2294 1002 2419 1043 non
2478 989 2578 1044 est
2632 978 2785 1064 quod

516 1083 802 1170 aliquam
847 1085 1317 1150 sententiarum
1361 1092 1611 1169 partem
1655 1081 2125 1146 vetustioribus
2161 1081 2375 1167 poetis
2404 1082 2659 1146 Latinis
2688 1080 2784 1144 ad-

519 1186 906 1253 scribamus,
1760 1239 1773 1252 .

688 1289 756 1372 7)
802 1285 1079 1372 Reliqua
1134 1295 1234 1350 est
1291 1287 1450 1350 satis
1506 1284 1755 1350 nodosa
1820 1283 1915 1347 de
1982 1287 2423 1350 sententiis
2491 1286 2572 1349 in
2637 1283 2785 1348 solo

520 1388 802 1454 codice
846 1388 1275 1452 Turicensi
1321 1390 1674 1452 servatis
1721 1386 2099 1473 disputatiO,
2145 1409 2333 1474 quam
2366 1386 2660 1452 consulto
2688 1386 2785 1449 ad-

517 1492 644 1555 huc
688 1489 1082 1573 distulimuS,
1129 1498 1202 1553 ut
1247 1490 1303 1554 si
1349 1489 1508 1575 quid
1552 1491 1683 1552 iam
1727 1498 1953 1553 nostra
1999 1487 2460 1575 disquisitione
2506 1489 2787 1552 effectum

519 1601 722 1674 esset,
785 1591 856 1656 id
911 1593 979 1657 in
1039 1613 1110 1654 re
1153 1602 1286 1657 tam
1333 1591 1607 1655 obscura
1650 1590 1903 1677 aliquid
1946 1589 2111 1654 lucis
2154 1591 2438 1656 afferret.
2528 1587 2786 1656 Centum

518 1695 720 1779 igitur
766 1703 830 1757 et
871 1716 1107 1757 novem
1153 1715 1236 1757 ex
1264 1692 1375 1757 illo
1408 1693 1633 1764 codice
1656 1695 2029 1772 ‚sententias
2062 1692 2271 1758 edidit
2301 1692 2609 1776 Orellius,
2657 1713 2785 1755 con-

518 1805 822 1881 gruentes
879 1795 1041 1859 alias
1097 1795 1182 1858 ad
1239 1795 1513 1859 verbum
1567 1795 1706 1864 fere
1761 1816 1906 1859 cum
1962 1792 2383 1878 Publilianis,
2440 1793 2604 1858 alias
2658 1792 2785 1879 plus

521 1899 818 1962 minusve
862 1897 1235 1961 immutatas
1268 1908 1331 1961 et
1374 1896 1680 1961 resolutis
1712 1918 2018 1960 versuum
2047 1897 2355 1979 numeris,
2402 1906 2474 1960 ut
2504 1898 2626 1960 vix
2654 1914 2785 1982 poe-

517 2010 652 2066 tam
706 2021 1056 2084 agnoscaS,
1111 1997 1274 2063 alias
1333 1999 1615 2085 denique
1659 1996 1851 2084 plane
1896 1999 2185 2083 ignotas,
2243 1999 2481 2085 quibus
2524 1999 2612 2061 ad
2656 2017 2785 2079 sup-

517 2102 828 2191 plendum
864 2099 1226 2165 ,Publilium
1269 2121 1426 2164 usus
1474 2099 1579 2165 vel
1624 2101 1836 2186 potius
1881 2099 2123 2164 abusus
2170 2109 2288 2182 est.
2379 2099 2451 2165 Si
2497 2101 2685 2180 enim,
2726 2103 2786 2157 ut

518 2204 896 2292 perhibent,
964 2202 1400 2289 quadraginta
1463 2211 1595 2266 tres
1661 2224 1871 2266 novae
1939 2211 2118 2285 sunt,
2192 2223 2396 2288 prope
2466 2199 2786 2264 dimidiam

520 2307 981 2371 sententiarum
1040 2302 1557 2368 Publilianarum
1622 2313 1875 2390 partem
1940 2303 2357 2368 intercidisse
2416 2300 2785 2367 concluden-

521 2409 676 2472 dum
723 2416 922 2491 esset3
970 2407 1073 2470 sin
1115 2415 1331 2470 autem
1377 2427 1603 2469 verum
1650 2415 1769 2489 est,
1817 2406 1990 2493 quod
2020 2407 2211 2471 modo
2257 2404 2565 2488 vidimus,
2610 2402 2788 2485 longe

518 2509 832 2598 plurimas
885 2518 1166 2573 aetatem
1215 2506 1478 2589 tulisse,
1530 2509 1651 2572 vix
1691 2518 1960 2596 possunt
2002 2508 2437 2596 quadraginta
2476 2516 2619 2571 tres·
2653 2504 2787 2569 illae

518 2612 789 2677 Publilii
833 2632 994 2675 esse.
1082 2610 1185 2673 Ac
1229 2609 1312 2674 de
1354 2619 1619 2674 auctore
1664 2610 1927 2696 quidem
1964 2611 2431 2675 sententiarum
2460 2607 2626 2672 nihil
2656 2628 2784 2695 pro-

520 2716 618 2780 dit
683 2713 894 2780 codex
955 2714 1381 2800 inscriptione
1437 2734 1695 2796 carens3
1770 2714 2028 2777 interna
2090 2720 2476 2797 argumenta
2531 2712 2784 2775 circum-

519 2818 824 2906 spicienti
877 2838 1007 2880 non
1063 2814 1334 2879 dubium
1393 2816 1549 2897 erit,
1620 2816 1776 2901 quin
1835 2816 2040 2879 multa
2097 2838 2137 2879 a
2194 2812 2478 2880 Publilio
2537 2832 2785 2901 prorsus

519 2920 938 2985 abhorreant:
997 2918 1311 2981 octonarii
1356 2917 1646 2999 iambici,
1694 2938 1854 3003 quos
1900 2918 2238 2982 constituit
2280 2914 2689 2981 Ribbeckius
2729 2933 2785 2974 v.

519 3023 644 3087 816
695 3031 760 3086 et
804 3021 960 3103 830,
1020 3040 1168 3081 cum
1223 3028 1481 3104 poetam
1536 3020 1807 3083 senariis
1860 3029 2115 3085 tantum
2157 3028 2270 3083 aut
2313 3018 2629 3082 trimetris
2671 3026 2785 3081 tro-

519 3124 760 3187 chaicis
804 3144 993 3186 usum
1040 3142 1182 3184 esse
1228 3128 1511 3204 constet3
1569 3122 2033 3185 sententiarum
2076 3119 2359 3185 ambitus
2404 3143 2536 3185 non
2578 3121 2784 3204 singu-

516 3225 728 3289 lorum
791 3245 1099 3295 versuum
1161 3222 1401 3287 finibus
1481 3224 2041 3310 circumscriptuS‚
2126 3223 2242 3288 sed
2305 3220 2650 3308 ampliatus
2714 3216 2786 3283 ad

517 3326 782 3391 modum
823 3326 1016 3392 unius
1073 3346 1304 3389 versus
1349 3345 1496 3389 cum
1540 3325 1845 3409 dimidio,
1904 3348 1967 3389 v.
2014 3326 2159 3391 818.
2206 3326 2331 3391 839
2374 3323 2598 3408 Ribb.;
2659 3344 2785 3409 par-

517 3426 719 3494 ticula
761 3418 930 3493 eoi-im
962 3427 1152 3492 initio
1183 3448 1414 3492 versus
1444 3427 1679 3514 posita,
1726 3428 1853 3493 830
1881 3428 2080 3494 Ribb.
2170 3426 2380 3508 Quid!
2428 3425 2601 3512 quod
2634 3424 2784 3489 chri-

519 3532 794 3596 stianam
862 3528 1057 3593 fidem
1123 3532 1385 3616 sapiunt
1450 3532 1731 3596 carnalis
1794 3532 2105 3613 cupiditas
2170 3538 2234 3593 et
2293 3530 2585 3595 dominus
2650 3520 2782 3590 κατ’

521 3632 760 3718 ἐξοχὴν
813 3630 1312 3716 intelligendus,
1384 3641 1646 3697 nostrae
1690 3632 1997 3699 editionis
2042 3654 2107 3695 v.
2153 3630 2299 3695 669.
2346 3630 2490 3695 676.
2580 3628 2786 3708 Quare

520 3736 735 3799 omnia
792 3756 865 3799 eo
910 3732 1258 3815 inclinant,
1316 3743 1389 3797 ut
1434 3735 1788 3799 sententias
1834 3734 2221 3817 Turicenses
2266 3740 2380 3795 aut
2425 3729 2670 3817 duplici
2714 3749 2787 3793 ex

517 3837 697 3901 fonte
740 3838 1039 3920 haustas,
1085 3845 1229 3918 aut,
1278 3837 1348 3926 si·
1382 3858 1603 3901 omnes
1648 3836 1913 3901 fuerunt
1956 3834 2396 3918 Publilianae,
2448 3834 2611 3901 adeo
2661 3834 2783 3897 exi-

519 3940 851 4004 stimemus
897 3948 1252 4026 corruptas·
1277 3946 1343 4003 et
1386 3937 1809 4025 interpolatas
1855 3959 2027 4020 esse,
2083 3947 2156 4003 ut
2200 3937 2283 4002 de
2327 3938 2409 4002 iis
2454 3937 2783 4001 restituen-

521 4039 622 4104 dis
668 4040 1144 4126 desperandum
1189 4041 1296 4105 sit.

688 4142 789 4206 Ne
834 4164 940 4206 eos
987 4142 1252 4227 quidem
1283 4164 1535 4224 versus,
1582 4164 1853 4230 quorum
1892 4152 2169 4207 metrum
2210 4163 2439 4209 sanum
2481 4150 2599 4223 est,
2646 4160 2782 4203 cau-

519 4254 621 4309 tus
669 4242 880 4309 editor
922 4244 1093 4307 inter
1136 4241 1541 4307 Publilianos
1598 4245 1883 4308 inserere
1927 4243 2135 4328 volet,
2194 4243 2311 4309 sed
2354 4242 2785 4311 Ribbeckium

517 4356 694 4411 recte
758 4346 995 4411 fecisse
1050 4343 1362 4428 arbitror,
1426 4346 1601 4432 quod
1658 4369 1763 4411 eos
1826 4347 2177 4434 separatim
2239 4345 2474 4433 posuit.
2563 4344 2785 4409 Eidem
