2917 4950
422 314 506 378 84
1058 331 1369 378 PanLn
1415 331 1572 379 st
1619 331 2079 379 SENTENTIAE.

593 484 834 567 Iratus,
880 505 1027 548 cum
1069 482 1156 547 ad
1200 506 1270 547 se
1314 485 1536 567 rediit,
1583 484 1712 550 sibi
1755 494 1894 550 tum
1937 487 2260 550 irascitur.

590 585 672 650 In
713 607 932 650 amore
976 608 1233 673 semper
1274 608 1472 650 causa
1517 585 1740 651 damni
1785 589 2134 674 quaeritur.

423 694 545 751 275
590 687 886 754 Iocunda
929 687 1184 752 macula
1229 699 1328 753 est
1373 711 1458 752 ex
1502 690 1752 753 inimici
1799 693 2136 776 sanguine.

590 789 673 854 In
714 790 973 855 Venere
1018 812 1275 876 semper
1318 789 1530 856 dulcis
1577 800 1678 856 est
1722 791 2070 857 dementia.

590 896 660 956 ln
702 893 942 958 misero
988 891 1183 956 facile
1226 893 1301 957 fit
1343 902 1575 979 potens
1620 894 1888 958 iniuria?

576 994 931 1060 ·Interdum
974 994 1175 1059 habet
1218 993 1538 1060 stultitiae
1580 1005 1833 1082 partem
1877 996 2179 1062 facilitas.

589 1097 839 1161 Inertia
884 1107 984 1162 est
1026 1088 1271 1161 laboris
1317 1098 1676 1162 excusatio,

422 1206 546 1264 280
590 1199 908 1263 Iniuriam
953 1198 1213 1263 facilius
1260 1198 1462 1264 facias
1510 1221 1703 1286 quam
1747 1200 1940 1265 feras.

588 1302 805 1367 Iratus
851 1299 947 1365 nil
988 1324 1119 1366 non
1164 1301 1455 1365 criminis
1501 1300 1788 1388 loquitur
1830 1301 1992 1367 loco.

588 1404 889 1468 Incertus
928 1404 1182 1468 animus
1230 1403 1578 1468 dimidium
1622 1414 1720 1469 est
1765 1406 2142 1491 sapientiae.

590 1506 671 1569 In
714 1507 889 1592 turpi
932 1526 1004 1568 re
1047 1527 1319 1592 peccare
1363 1506 1467 1570 bis
1513 1505 1890 1592 delinquere
1936 1516 2054 1571 est.

588 1607 924 1693 Ingenuus
966 1609 1219 1673 animus
1264 1630 1395 1672 non
1439 1607 1570 1673 fert
1613 1611 1792 1673 vocis
1838 1608 2133 1674 verbera.

420 1717 541 1776 285
588 1709 911 1775 Iniuriam
953 1711 1093 1797 ipse
1136 1710 1365 1793 facias,
1410 1711 1526 1775 ubi
1570 1733 1701 1775 non
1744 1710 2064 1776 vindices.

585 1811 655 1877 Is
699 1813 970 1876 minimo
1017 1821 1167 1898 eget
1210 1812 1528 1896 mortalis,
1580 1815 1694 1900 qui
1735 1813 2077 1878 minimum
2123 1816 2322 1902 cupit.

586 1915 845 1978 Inimici
888 1915 974 1979 ad
1018 1916 1305 1978 animum
1347 1913 1566 1978 nullae
1609 1916 2007 1980 conveniunt
2051 1939 2297 2002 preces.

586 2016 866 2081 Inimico
912 2017 1205 2082 extincto
1252 2018 1527 2081 exitium
1571 2015 1880 2082 lacrimae
1923 2040 2053 2083 non
2097 2018 2360 2083 habent.

450 2149 460 2168 =
582 2118 688 2182 Ibi
733 2140 989 2205 semper
1036 2128 1135 2184 est
1177 2120 1474 2199 victoria,
1519 2118 1635 2183 ubi
1681 2119 2030 2184 concordia
2075 2131 2195 2185 est.

422 2227 546 2285 290
591 2220 729 2285 Iter
774 2229 893 2303 est,
941 2243 1347 2307 quacumque
1392 2220 1508 2285 dat
1552 2222 1730 2308 prior
1773 2223 2148 2307 vestigium.

520 2306 539 2313 ”
584 2322 692 2386 Ibi
734 2332 886 2410 pote
929 2321 1149 2386 valere
1192 2322 1494 2409 populuS,
1540 2323 1654 2387 ubi
1700 2322 1879 2408 leges
1925 2323 2168 2392 valent.

584 2424 762 2490 Loco
808 2426 1207 2511 ignominiae
1252 2435 1353 2491 est
1395 2424 1578 2512 apud
1620 2425 1965 2511 indignum
2011 2427 2320 2513 dignitas.

586 2528 765 2593 Laus
809 2551 983 2594 nova
1026 2532 1155 2594 nisi
1200 2530 1427 2611 oritur,
1478 2529 1673 2593 etiam
1717 2540 1906 2594 vetus
1953 2530 2296 2595 amittitur.

586 2630 796 2696 Laeso
843 2631 1085 2700 doloris
1130 2629 1493 2695 remedium
1536 2632 1787 2695 inimici
1833 2642 1931 2696 est
1977 2631 2182 2697 dolor.

415 2739 536 2797 295
582 2733 782 2797 Levis
830 2743 931 2799 est
974 2734 1299 2800 Fortuna:
1347 2735 1478 2799 cito
1522 2735 1826 2821 reposcit,
1873 2735 2046 2819 quod
2091 2734 2294 2799 dedit.

508 2848 517 2858 ·
577 2835 720 2900 Lex
766 2835 1079 2900 universa
1124 2846 1244 2918 est,
1292 2857 1456 2923 quae
1502 2836 1684 2900 iubet
1727 2837 1911 2899 nasci
1956 2846 2019 2899 et
2063 2832 2250 2902 mori.

421 3130 691 3173 CODICES
724 3134 773 3169 v,
809 3114 1173 3173 265—291:
1214 3117 1277 3170 'F
1302 3112 1421 3191 (T),
1472 3134 1521 3171 v,
1558 3114 1922 3172 292—296:
1968 3116 2193 3173 PRBF
2216 3113 2357 3189 (Ee)

413 3278 520 3332 ter,
570 3269 651 3341 cf.
686 3287 737 3325 v.
771 3267 891 3325 279
1080 3267 1200 3325 273
1246 3267 1407 3324 rediit
1437 3267 1770 3324 Bentleius:
1814 3268 1956 3324 redit
1986 3270 2044 3324 F·
2213 3269 2334 3327 275
2380 3271 2579 3325 inimici
2611 3271 2724 3328 In—

406 3357 607 3427 yolst..·
651 3355 793 3409 imici
834 3355 891 3409 F
928 3404 930 3407 .
1136 3352 1256 3410 278
1308 3352 1399 3426 Cf.
1445 3372 1496 3409 v.
1548 3353 1684 3410 180.
1775 3348 1810 3387 *
1845 3352 2116 3409 facilitas:
2149 3354 2375 3410 felicitas
2419 3356 2477 3409 F

410 3438 531 3495 279
580 3447 663 3493 est
714 3437 915 3494 laboris
960 3438 1230 3512 Inyolst..·
1274 3436 1310 3493 1.
1355 3446 1439 3494 est
1482 3440 1564 3507 F;
1621 3438 1700 3511 cf.
1747 3457 1799 3495 v.
1847 3436 1968 3494 272
2163 3438 2283 3497 281
2331 3438 2406 3495 nil
2446 3440 2724 3513 Inyolst..·

297 3512 303 3523 ⁸
410 3523 543 3579 nihil
573 3524 632 3579 F
798 3523 918 3580 282
966 3520 1235 3598 incertus]
1278 3525 1388 3579 hoe
1432 3527 1551 3579 vult
1592 3524 1998 3579 dubitationem
2031 3527 2389 3596 principium
2421 3540 2548 3580 esse
2574 3527 2718 3596 phi-

407 3610 725 3680 losophiae,
759 3615 823 3665 ut
853 3612 935 3664 ait
970 3607 1169 3665 Cicero
1201 3611 1271 3665 de
1300 3612 1537 3666 deorum
1567 3615 1688 3664 nat.
1728 3608 1786 3679 1,
1822 3608 1890 3677 1;
1937 3626 2014 3665 an
2046 3610 2342 3683 ingenuus»,
2373 3615 2436 3665 ut
2467 3608 2720 3667 v.-284?

410 3694 643 3750 invictus
674 3694 913 3767 Maehly
1113 3694 1388 3750 dimidium
1419 3693 1638 3751 Bothe.-
1685 3692 1981 3748 remedium
2012 3695 2069 3749 F
2077 3718 2094 3757 ;
2147 3694 2229 3766 cf.
2261 3696 2456 3751 Plaut.
2490 3696 2714 3751 Pseud.

406 3777 563 3851 454,
607 3787 663 3836 et
705 3780 871 3853 infra
918 3797 968 3835 v.
1006 3777 1126 3835 657
1294 3777 1453 3835 284
1498 3780 1792 3833 invectivae
1835 3776 1962 3851 (leq.
2007 3777 2323 3851 invectivas)
2366 3780 2512 3835 vocis
2553 3798 2719 3835 num-

409 3880 568 3937 quam
601 3863 823 3921 libertas
856 3873 998 3921 tacet
1036 3865 1085 3919 T
1280 3862 1400 3921 286
1449 3863 1674 3920 Seneca
1707 3867 1872 3935 epist.
1910 3863 2051 3934 108,
2087 3864 2161 3919 11
2347 3865 2571 3920 minimo
2604 3864 2712 3921 Se-

408 3964 593 4004 neca.-
637 3950 914 4005 minimum
957 3951 1015 4004 F
1209 3947 1331 4006 288
1376 3949 1612 4005 Mallem
1657 3950 1913 4021 exitum.‚-
1943 3952 2058 4005 nisi
2092 3956 2335 4005 metrum
2377 3959 2710 4021 respueret.

411 4030 501 4104 Cf.
532 4033 715 4088 Paul.
762 4034 931 4090 Diae.
966 4052 1035 4106 p.
1080 4034 1158 4091 81
1364 4032 1484 4090 291
1532 4041 1661 4107 pote
1705 4034 1952 4109 Gruter.-
1995 4041 2180 4107 potest
2219 4036 2277 4089 F
2472 4033 2593 4091 292
2643 4035 2710 4107 0,

424 4118 583 4174 Vine.
630 4116 783 4173 Bell.
829 4134 920 4190 sp.
963 4121 1019 4174 d.
1053 4118 1127 4189 5,
1160 4119 1238 4175 71
1359 4170 1362 4174 ,
1454 4118 1578 4176 293
1626 4119 1760 4182 Εο;“
1798 4119 1876 4191 ef.
1909 4138 1959 4175 v.
1995 4117 2116 4175 203
2335 4117 2456 4175 294
2501 4120 2712 4175 doloris

407 4202 565 4259 BFC
606 4201 764 4258 Vinc.
800 4202 953 4259 Bell.
999 4219 1087 4274 sp.
1133 4206 1187 4259 d.
1217 4202 1289 4274 4,
1325 4203 1475 4260 133:
1522 4203 1696 4260 dolori
1728 4205 1834 4260 PR
2005 4204 2203 4259 inimici
2245 4213 2330 4259 est
2359 4204 2576 4260 Bothe.-
2621 4214 2712 4260 est

404 4288 485 4343 in.
520 4287 735 4343 PRBC
780 4288 937 4345 Vino.
970 4298 1055 4343 est
1086 4305 1191 4343 om.
1226 4288 1282 4342 F
1501 4288 1622 4346 295
1687 4290 1842 4347 Vino.
1877 4288 2026 4345 Bell.
2061 4306 2148 4362 sp.
2183 4291 2236 4345 d.
2271 4288 2330 4361 5,
2367 4288 2484 4346 123

412 4372 533 4429 296
583 4373 827 4428 universa
859 4373 1111 4429 PRBF:
1154 4372 1473 4429 universalis
1506 4374 1607 4430 EC
1649 4375 1808 4431 Vine-
1844 4373 1992 4429 Bell.
2035 4390 2193 4445 spec.
2236 4376 2419 4431 doctr.
2454 4373 2524 4447 5,
2563 4374 2709 4448 104,
