2917 4950
1021 325 1571 376 PRoLEeoMENA.
2356 307 2439 372 25

133 481 381 547 inferis
428 483 753 548 excita-tus
799 491 1002 563 esset,
1059 474 1410 568 proverbia
1453 479 1740 545 Senecae
1780 479 1852 543 in
1895 477 2289 544 oblivionem
2336 499 2438 542 ca-

133 580 302 648 dere
361 593 732 672 coeperunt.
823 583 954 650 Sed
1006 583 1281 668 triginta
1334 582 1475 647 fere
1530 584 1717 647 annis
1772 591 1953 670 post,
2022 603 2169 645 cum
2226 579 2438 644 Hen-

131 688 376 751 ricus
449 685 958 751 Panthaleon
1030 687 1099 750 in
1162 684 1660 771 proverbiorum
1725 684 2018 751 codicem
2082 683 2441 766 incidisset,

131 790 620 854 sententiarum
661 787 1178 853 Publilianarum
1223 787 1488 868 silvam,
1541 808 1755 852 raram
1799 785 1981 853 illam
2022 785 2199 873 apud
2244 777 2439 850 Eras-

87 931 96 942 ·
133 915 326 956 mum
383 891 544 972 inde
581 913 622 954 a
665 890 885 955 littera
927 889 1022 969 N,
1082 889 1358 954 densare
1405 899 1482 954 =et
1534 888 1858 976 complere
1913 888 2041 953 sibi
2084 890 2269 954 visus
2316 898 2439 972 est,

136 995 269 1059 etsi
327 993 501 1058 nihil
556 991 735 1058 aliud
777 992 1011 1057 auxilii
1057 991 1320 1076 habuit,
1376 998 1575 1079 'quam
1618 991 1794 1078 quod
1838 993 1969 1055 iam
2013 990 2289 1056 Enasmo
2332 1013 2439 1056 co·

135 1099 409 1180 gnitum
453 1095 687 1160 fuerat.
776 1096 882 1159 De
925 1096 1108 1159 cuius
1155 1094 1442 1160 editione
1487 1116 1634 1157 cum
1664 1093 2132 1181 posterioribus
2162 1092 2441 1157 saeculis

134 1197 315 1261 nihil
369 1196 648 1284 amplius
703 1218 786 1260 ne
829 1197 1004 1260 fama
1047 1195 1653 1283 quidem'auditum
1694 1197 1813 1278 sit,
1870 1195 2134 1282 plenum
2176 1194 2440 1260 titulum
2485 1225 2491 1230 ·

135 1300 508 1386 adscripsi:
557 1300 827 1364 Catonis
873 1289 1158 1364 distic‘ha
1198 1296 1473 1364 moralia
1515 1321 1663 1364 cum
1704 1297 1967 1363 scholiis
1998 1298 2259 1363 Erasmi
2288 1297 2439 1362 Rot.

137 1395 678 1466 Mimi'Publiani
723 1421 869 1464 cum
915 1399 1210 1466 eiusdem
1253 1399 1515 1465 scholiis
1560 1403 1770 1465 auctis
1809 1401 2153 1486 recogniti,
2202 1399 2443 1486 quibus

137 1513 568 1570 accesserunt
620 1503 886 1590 plurimi
940 1526 1149 1590 nuper
1203 1503 1459 1567 inventi
1513 1513 1577 1568 et
1630 1525 1985 1589 numquam
2038 1504 2235 1590 typis·
2263 1499 2441 1565 evul-

138 1609 308 1692 gati,
355 1628 395 1670 a
425 1606 736 1671 Heinrico
766 1605 1208 1671 Panthaleone
1249 1606 1571 1688 recogniti
1615 1626 1891 1693 cumque
1936 1605 2223 1670 eiusdem
2258 1605 2439 1669 scho-

139 1709 254 1774 liis
309 1709 644 1773 illustrati.
733 1709 932 1772 Dicta
989 1707 1308 1773 Graeciae
1364 1706 1776 1794 Sapientum,
1845 1729 1994 1770 cum
2049 1707 2442 1794 quibusdam

143 1811 412 1875 Erasmi
478 1809 829 1897 opusculis.
918 1797 1294 1874 Basileae
1361 1831 1531 1874 anno
1592 1809 1806 1874 1544.
1874 1809 2262 1895 impressum
2325 1831 2445 1897 per

145 1911 500 1977 Erasmum
554 1911 980 2000 Xylotectum
1053 1933 1276 1976 mense
1331 1911 1654 1995 Augusto.
1745 1910 1875 1976 Sed
1935 1933 2099 1997 quae
2163 1921 2263 1976 est
2319 1914 2445 1976 ista

145 2016 493 2078 mimorum
537 2037 744 2101 nuper
787 2016 1204 2079 inventorum
1249 2013 1559 2098 farrago?
1606 2011 1893 2079 Iactator
1923 2013 2053 2097 ille,
2101 2015 2215 2100 qui
2244 2014 2441 2080 Sene-

147 2137 267 2180 cae
309 2117 806 2203 proverbiorum
853 2116 1172 2182 editiones
1217 2116 1458 2180 totiens
1501 2115 1815 2202 repetitas
1858 2139 1942 2180 ne
1986 2126 2257 2182 noverat
2299 2119 2439 2203 qui-

149 2217 332 2302 dem,
379 2217 543 2284 nihil
585 2217 765 2283 aliud
807 2217 1162 2301 fecit,‚nisi
1204 2219 1634 2305 posteriorem
1678 2219 2145 2284 sententiarum
2190 2229 2443 2306 partem

153 2319 340 2403 (N—
355 2321 446 2405 V)
493 2329 749 2385 centum
809 2318 946 2383 fere
1002 2321 1242 2405 viginti
1287 2342 1372 2383 ex
1416 2318 1913 2408 proverbiorum
1958 2322 2182 2386 codice
2226 2321 2440 2387 ductis

152 2431 216 2487 et
272 2444 466 2507 aegre
521 2421 607 2487 ad
665 2421 993 2509 quandam
1047 2409 1408 2488 carminum
1466 2423 1749 2510 speciem
1804 2423 2177 2489 assimilatis
2232 2424 2441 2508 auxit,

151 2524 325 2589 idem
369 2524 455 2589 ad
498 2527 782 2612 priorem
830 2534 1079 2612 partem
1122 2526 1372 2611 aliquot
1413 2524 1707 2607 addidit,
1754 2528 1992 2613 partim
2037 2550 2197 2613 quas
2242 2527 2441 2592 Eras-

151 2650 292 2691 mus
352 2636 691 2714 spreverat
745 2636 820 2691 ut
875 2628 1070 2691 nimis
1129 2637 1503 2713 corruptas,
1582 2649 1973 2713 quamquam
2044 2638 2228 2693 erant
2287 2650 2443 2692 vere

155 2727 592 2813 Publilianae,
649 2728 814 2795 alias
870 2752 955 2793 ex
1009 2728 1294 2796 Senecae
1351 2728 1434 2793 de
1491 2728 1835 2795 clementia
1890 2730 2107 2812 libris,
2170 2753 2442 2841 quarum

154 2830 298 2896 fons
345 2841 485 2895 erat
527 2831 864 2919 appendix
907 2830 1023 2897 illa
1066 2832 1562 2919 proverbiorum
1607 2832 1944 2896 codicibus
1989 2832 2339 2915 nonnullis,
2370 2841 2443 2897 ut

155 2954 353 3019 supra
396 2934 922 3015 memoravimus,
971 2933 1136 2999 falso
1181 2934 1406 2999 affixa.

321 3034 552 3125 Neque
606 3044 826 3099 tamen
879 3034 1002 3100 hcc
1059 3034 1230 3101 malo
1275 3036 1739 3101 Panthaleonis
1798 3035 2098 3123 exemplo
2152 3038 2445 3123 corrupti

155 3146 303 3201 sunt
367 3137 695 3221 Georgius
752 3137 1094 3201 Fabricius
1110 3186 1127 3219 ,
1193 3137 1519 3203 Henricus
1590 3138 1995 3225 Stephanus,
2062 3139 2443 3205 Theodorus

156 3239 562 3323 Zwingerus.
637 3238 742 3302 'Et
786 3238 1220 3304 Fabricius
1266 3239 1561 3326 quidem,
1611 3238 2134 3322 Chemnice'nsis,
2181 3263 2329 3306 cum
2373 3241 2443 3305 in

155 3341 406 3407 duobus
454 3339 941 3427 exemplaribus
985 3342 1294 3427 antiquiS,
1342 3342 1458 3406 sed
1503 3343 1933 3430 interpolatiS,
1980 3365 2185 3408 novos
2217 3342 2441 3409 Publi-

154 3442 245 3526 lii,
289 3452 364 3507 ut
408 3444 548 3529 ipse
593 3442 1002 3528 opinabatur,
1049 3465 1278 3507 versus
1324 3445 1708 3527 invenisset,
1755 3444 1919 3511 adeo
1963 3455 2182 3510 tamen
2228 3467 2297 3511 se
2329 3446 2441 3511 ad-

157 3546 323 3611 dixit
367 3545 643 3610 Erasmo
659 3594 678 3629 ,
733 3554 808 3609 ut
853 3546 1209 3610 sententias
1254 3546 1340 3611 ab
1393 3545 1509 3611 illo
1566 3547 1775 3612 editas
1835 3549 2108 3613 seorsim
2151 3558 2442 3636 poneret,

157 3670 301 3711 suas
347 3656 538 3713 caute
581 3647 970 3712 inscriberet
1013 3646 1397 3713 ‘Sententiae
1436 3648 1657 3714 Publio:
1698 3652 1911 3715 mimis
1952 3643 2230 3715 similes'.
2300 3651 2440 3714 Pri-

158 3771 328 3814 mum
373 3748 584 3812 edidit
628 3746 1020 3832 Publilium,
1066 3759 1140 3814 ut
1183 3760 1405 3814 narrat
1451 3750 1904 3837 Schweigerus
1923 3800 1940 3833 ,
1987 3754 2056 3816 in
2100 3750 2441 3840 elegantiis

160 3872 192 3913 e
232 3846 464 3915 Plauto
509 3871 588 3914 ac
628 3850 938 3916 Terentio
983 3850 1272 3917 collectis
1303 3852 1569 3939 Lipsiae
1605 3853 1785 3935 1550,
1832 3852 2005 3918 haud
2050 3853 2252 3918 multo
2297 3863 2443 3940 post

159 3954 572 4037 Argentorati
621 3952 805 4036 1554,
852 3954 908 4016 si
951 3953 1116 4017 fides
1163 3962 1262 4019 est
1307 3954 1539 4038 Zellio,
1584 3978 1715 4019 una
1758 3978 1909 4020 cum
1939 3956 2209 4021 Catonis
2254 3955 2442 4021 disti-

161 4054 326 4139 chis3
381 4054 593 4119 denuo
637 4054 911 4141 Lipsiae
953 4077 1010 4119 a.
1063 4056 1246 4121 1560-
1297 4057 1481 4121 1567.
1532 4058 1716 4123 1571.
1769 4058 1963 4139 1581,
2022 4057 2260 4145 quibus
2306 4058 2442 4123 edi-

161 4156 437 4221 tionibus
497 4156 766 4221 editoris
824 4156 1104 4245 epistula
1160 4156 1567 4224 dedicatoria
1608 4181 1669 4224 a.
1720 4159 1883 4225 1558
1930 4168 1996 4224 et
2048 4160 2446 4247 typographi

169 4257 468 4341 praefatio
513 4280 572 4321 a.
627 4260 788 4324 1559
833 4261 1076 4347 scripta
1119 4254 1518 4347 praemissae
1564 4271 1735 4327 sunt.

321 4358 582 4425 Deinde
624 4359 897 4427 Publilii
941 4364 1298 4430 sententias
1342 4384 1459 4451 per
1502 4362 1677 4432 locos
1725 4384 2096 4429 communes
2142 4364 2436 4448 digestas
