2917 4950
0 4421 19 4883 ξ

817 324 1129 371 Pnnmnu
1176 325 1334 372 sym
1379 324 1841 372 SENTENTIAE.
2389 308 2482 372 95

178 495 320 535 prov.
372 476 693 560 Optimum
749 482 840 541 est
888 497 1128 560 semper
1185 479 1499 560 iynoseere
1511 525 1528 558 ,
1595 483 1921 560 tamquam
1972 478 2031 541 si
2083 479 2217 561 ipse
2269 479 2486 543 cotidie

244 599 251 604 ·
1393 599 1625 662 pecces·

360 679 682 762 Optimum
733 686 823 745 est
861 682 1180 745 maiorum
1232 683 1495 764 vestiyia
1551 681 1727 762 sequi
1740 731 1756 760 ,
1813 682 1872 745 si
1927 686 2084 745 reete
2128 701 2484 764 praeeesse-

1401 785 1552 846 rint.

358 883 583 949 Omnis
624 885 835 948 doctor
876 886 951 948 in
992 885 1159 948 vitae
1199 885 1445 949 ratione
1478 904 1748 966 peccans
1791 886 2038 966 turpior
2081 890 2184 968 est,

219 992 305 1049 35
359 985 450 1051 Ob
499 987 613 1050 hoo
656 986 823 1067 quod
863 987 935 1051 in
978 987 1204 1069 officie,
1251 988 1429 1050 ouius
1471 988 1770 1068 mayister
1813 1005 1938 1050 esse
1979 986 2130 1064 vult,
2177 986 2430 1051 labitur.

351 1087 585 1152 Omnis
631 1084 937 1174 voluptas
983 1108 1452 1174 quemcumque
1496 1087 1719 1151 arrisit
1761 1097 2007 1151 nocet.‘

353 1189 664 1254 Officium
709 1188 1003 1252 benivoli
1046 1190 1249 1252 animi
1291 1188 1487 1253 finem
1530 1212 1662 1255 non
1704 1189 1923 1254 habet.

353 1290 413 1355 O
458 1290 599 1355 vita
641 1292 882 1355 misero
928 1288 1145 1375 longa,
1190 1289 1370 1354 felici
1413 1289 1668 1354 brevis!

350 1392 730 1476 'Obiurgari
774 1394 844 1456 in
889 1391 1264 1457 calamitate
1306 1393 1580 1477 gravius
1626 1402 1725 1457 est
1771 1414 1962 1480 quam
2009 1391 2367 1457 calamitae.

173 1501 309 1559 440
356 1493 416 1558 O
462 1492 651 1558 dulce
694 1503 1110 1576 tormentum,
1157 1493 1274 1558 ubi
1318 1495 1696 1579 reprimitur
1736 1493 2080 1579 gaudium!

361 1595 606 1660 Omnes
650 1617 858 1681 aequo
904 1597 1122 1661 animo
1167 1605 1420 1682 parent,
1466 1596 1582 1660 ubi
1628 1597 1815 1681 digni
1858 1597 2202 1684 imperant.

357 1697 592 1762 Occidi
638 1707 737 1761 est
780 1696 1147 1784 pulchrum,
1193 1698 1625 1782 ignominiose
1668 1697 1782 1762 ubi
1827 1700 2097 1763 servias.
2260 1681 2280 1700 ⁵

360 1800 419 1865 O
464 1803 736 1864 tacitum
779 1808 1172 1864 tormentum
1215 1801 1419 1864 animi
1465 1800 1890 1867 conscientia!

362 1900 649 1989 'Optime
702 1903 987 1987 positum
1044 1902 1143 1966 est
1198 1901 1623 1987 beneficium,
1679 1901 1795 1967 ubi
1849 1904 1988 1965 eius
2033 1904 2328 1967 meminit
2371 1905 2484 1990 qui

194 2057 199 2072 ,
1398 2006 1664 2092 accipit.

169 2093 305 2170 445
354 2105 763 2192 Obsequium
810 2115 1055 2192 nuptae
1100 2106 1231 2170 cito
1275 2106 1350 2170 fit
1393 2107 1616 2171 odium
1659 2105 1952 2195 paelicis.

359 2207 637 2272 Occasio
681 2217 982 2294 receptus
1030 2206 1335 2272 difficiles
1380 2208 1600 2273 habet.

355 2309 414 2374 O
460 2311 815 2396 pessimum
861 2308 1200 2396 periclum,
1248 2320 1546 2396 opertum
1591 2310 1765 2397 quod
1809 2309 1997 2374 latet!

352 2413 619 2496 OmneS,
666 2435 813 2477 cum
856 2411 1111 2477 occulte
1154 2423 1449 2500 peccant,
1495 2422 1766 2501 peccant
1810 2414 2012 2479 ocius.

174 2711 451 2753 CODICES
482 2712 529 2750 v.
562 2692 929 2750 436—449:
968 2695 1023 2749 F
1048 2693 1150 2770 (T)

186 2829 314 2902 PR,
349 2830 477 2885 odio
509 2838 729 2903 oportet
762 2837 820 2884 ut
850 2828 1049 2884 bonum
1082 2831 1140 2884 F
1332 2846 1449 2904 pec.
1489 2827 1791 2885 terriculam
1822 2846 1932 2886 non
1978 2830 2138 2886 Vinc.
2332 2838 2482 2885 metu

186 2917 248 2971 F
418 2914 496 2971 32
543 2916 697 2971 Ptin.
732 2919 895 2986 epist.
928 2914 1001 2986 8,
1036 2914 1147 2985 22,
1182 2914 1217 2969 2
1260 2912 1545 2987 ‘optimum
1590 2916 1836 2970 existimo
1877 2917 1967 2988 qui
1998 2916 2192 2971 ceteris
2223 2915 2295 2969 ita
2325 2916 2480 2987 igno-

179 3002 309 3071 scit,
344 3008 613 3073 tamquam
646 3002 762 3072 ipse
794 3000 995 3055 cotidie
1026 3000 1257 3072 peccet'.
1448 3002 1492 3055 si
1523 3000 1736 3056 PREC
1778 3001 1932 3057 Vino.
1966 3001 2037 3056 B.
2072 3016 2156 3071 sp.
2188 3002 2242 3056 d.
2274 2998 2335 3069 4,
2369 2999 2476 3055 68:

174 3103 287 3140 om.
324 3086 381 3139 F
406 3084 633 3141 Plinius
804 3084 883 3140 33
947 3084 1104 3141 Vino.
1138 3084 1211 3141 B.
1245 3100 1329 3155 sp.
1363 3087 1415 3140 d.
1449 3084 1509 3157 5,
1535 3085 1612 3142 37
1789 3084 1869 3142 34
1933 3086 2088 3142 Vino.
2121 3087 2192 3141 B.
2224 3100 2312 3155 sp.
2339 3086 2390 3140 d.
2416 3085 2477 3155 5,

176 3170 261 3225 56
306 3170 481 3224 omnis
515 3212 528 3224 .
567 3211 580 3224 .
618 3211 629 3222 .
663 3168 859 3224 labitur
1060 3169 1138 3226 35
1185 3169 1301 3224 vult
1348 3188 1451 3225 om.
1486 3167 1540 3226 R
1722 3169 1845 3227 436
1891 3186 2314 3247 quamcumque,
2355 3174 2389 3225 i.
2431 3186 2478 3225 e.

177 3261 705 3327 quantumcumque
747 3258 893 3310 coni.
942 3254 1113 3325 Casp.
1163 3255 1367 3325 Orelli,
1411 3274 1490 3312 cm
1533 3256 1888 3328 cuicumque?
2059 3255 2181 3312 437
2227 3253 2474 3310 benevoli

174 3342 432 3395 editores
604 3337 728 3395 438
776 3339 1002 3395 Seneca
1037 3347 1289 3395 controv.
1325 3339 1357 3395 7
1394 3339 1508 3411 (3),
1546 3341 1655 3410 18,
1695 3357 1751 3410 p.
1787 3340 1942 3410 206,
1979 3340 2053 3397 19
2094 3340 2276 3396 Burs·
2307 3343 2480 3411 Apol-

173 3429 371 3481 lonius
400 3442 495 3495 ap.
532 3425 756 3481 Stobae.
817 3427 989 3497 florii.
1031 3423 1182 3496 121,
1217 3422 1295 3480 34
1336 3414 1561 3497 βραχὺς
1603 3412 1632 3477 ὁ
1675 3422 1804 3499 βίος
1845 3414 2156 3501 ἀνθρώπῳ
2198 3411 2265 3480 εὖ
2298 3418 2478 3497 πράτ-

170 3526 334 3563 τοντι
356 3548 371 3575 ,
420 3506 806 3582 δυςτυχοῦντι
850 3502 913 3564 δὲ
954 3504 1183 3583 μακρός
1354 3510 1461 3565 vita
1494 3549 1509 3564 .
1543 3550 1556 3564 .
1588 3509 1752 3584 longa
1785 3552 1799 3566 .
1835 3549 1849 3563 .
1881 3509 2057 3565 brevis
2102 3511 2358 3567 Seneca.-
2402 3511 2477 3565 vi-

172 3604 284 3649 tam
318 3636 331 3650 .
367 3638 379 3649 .
413 3595 635 3669 longam
667 3636 680 3648 .
716 3635 728 3648 .
759 3593 977 3651 brevem
1008 3597 1081 3666 F,
1114 3595 1195 3667 cf.
1227 3614 1277 3651 v.
1312 3592 1434 3651 443
1638 3592 1761 3652 439
1811 3594 1900 3667 Cf.
1932 3613 1983 3651 v.
2015 3594 2117 3651 86.
2154 3593 2273 3650 124

172 3678 454 3753 obiurgari
485 3681 557 3748 F,
590 3681 785 3736 Bentl.
817 3695 897 3737 ex
928 3686 1265 3737 coniectura
1286 3704 1301 3733 .·
1346 3678 1636 3753 obiurgare
1674 3680 1740 3751 T,
1773 3680 1990 3735 Gruter
2180 3680 2395 3753 gravior
2433 3680 2485 3733 T

344 3763 472 3821 440
516 3760 551 3797 *
583 3764 704 3820 ubi:
737 3781 911 3837 aequo
946 3763 1034 3820 ubi
1068 3766 1140 3836 F,
1183 3773 1522 3837 corruptum
1555 3780 1633 3820 ex
1665 3783 1712 3821 v.
1746 3763 1903 3832 4413
1949 3772 2106 3819 torm.
2143 3780 2174 3818 o
2216 3762 2266 3818 d.
2302 3778 2475 3835 aequo

170 3848 267 3903 ubi
306 3852 493 3922 vulqo.
559 3851 633 3906 At
664 3851 747 3924 cf.
795 3869 845 3907 v.
878 3848 1020 3909 438.
1056 3848 1198 3906 443.
1232 3848 1374 3906 447.
1599 3847 1717 3905 441
1771 3848 1860 3904 ubi
1903 3848 2101 3922 dignus
2143 3849 2371 3921 imperat
2408 3848 2471 3918 Τ,

176 3937 332 3991 unde
362 3939 619 3991 conicias
650 3936 849 4009 dignus
884 3933 971 3989 ubi
1001 3936 1250 4007 imperat,
1284 3933 1433 4007 digni
1463 3933 1554 3989 ubi
1591 3934 1805 3990 Gruter
1931 3932 2054 3988 442
2103 3950 2154 3989 o.
2187 3932 2474 4006 pulchrum

172 4026 266 4075 est
297 4019 384 4075 ubi
417 4021 783 4094 ignominiose
814 4038 860 4075 S.
894 4021 966 4091 F,
1000 4022 1320 4075 emendavit
1351 4019 1415 4074 G.
1450 4019 1656 4092 Meyer
1840 4018 2085 4074 occidere
2117 4019 2305 4075 Bothe

172 4122 225 4177 p.
262 4103 355 4160 ubi
385 4122 509 4161 cum
542 4106 837 4179 ignominia
868 4122 910 4159 s.
948 4105 1165 4161 Gruter
1335 4102 1458 4160 443
1507 4104 1594 4177 Cf.
1629 4122 1678 4159 v.
1716 4103 1836 4160 683
2011 4103 2134 4159 444
2179 4104 2294 4158 eius
2329 4104 2474 4160 Gru-

175 4198 269 4245 ter
291 4216 306 4243 .-
350 4208 460 4246 om.
493 4192 564 4263 F,
598 4189 690 4245 uhi
722 4191 812 4263 qui
845 4190 1035 4262 accipit
1066 4190 1369 4245 meminerit
1401 4191 1603 4245 Bothe.
1667 4188 1756 4261 Cf.
1791 4208 1840 4245 v.
1878 4187 1998 4246 624
2197 4186 2321 4244 445
2368 4188 2476 4243 sert

175 4276 370 4331 Bothe
592 4274 713 4331 447
762 4274 1025 4349 periclum
1063 4275 1308 4331 Gruter.-
1350 4274 1649 4348 periculum
1682 4276 1738 4330 F
1951 4268 1986 4306 *
2019 4281 2266 4346 opertum
2298 4272 2473 4345 quod:

179 4360 329 4435 quod
364 4348 617 4435 opertum
650 4361 707 4415 F
915 4358 1038 4416 448
1084 4354 1119 4392 *
1152 4377 1270 4415 cum
1305 4376 1356 4415 o.
1389 4378 1443 4433 p.
1480 4368 1704 4434 peccant
1735 4362 1916 4415 ocius:
1963 4374 2082 4414 cum
2114 4376 2168 4431 p.
2203 4374 2252 4412 0.
2283 4374 2474 4432 pacan-
