2917 4950
401 287 414 294 ’
525 291 610 357 30
1397 309 1945 359 Pnonseonsm.

523 447 913 527 auctoritate
955 462 1020 525 in
1069 460 1396 550 duplieem
1432 484 1714 527 errorem
1746 462 2052 529 inductus
2084 473 2202 528 est.
2291 464 2581 529 Primum
2613 467 2783 547 enim,

525 587 674 628 cum
739 565 1099 629 sententiae
1160 565 1228 628 in
1294 565 1632 630 codicibus
1700 567 1888 652 quasi
1955 565 2241 632 Senecae
2304 567 2657 650 ferrentur,
2718 567 2785 630 de

523 665 810 731 Publilio
853 675 1115 731 auctore
1157 687 1288 730 non
1332 666 1665 732 dubitavit
1708 668 1995 752 quidem,
2040 666 2158 732 sed
2201 667 2497 733 libellum
2530 669 2787 734 Grutero

523 768 873 834 obsecutus
918 769 1255 856 inscripsit
1299 769 1541 834 ‘Publii
1588 769 1740 855 Syri
1784 777 1850 835 et
1892 768 2167 835 aliorum
2212 781 2509 836 veterum
2553 780 2785 837 senten-

521 873 700 954 tiae’,
746 871 984 936 deinde
1029 872 1370 935 sententiis
1413 872 1605 936 novis
1652 869 2185 958 Frisingensibus
2230 874 2569 955 minorem,
2618 895 2787 960 quam

523 996 643 1061 par
686 982 846 1055 erat,
890 973 1086 1038 fidem
1130 973 1437 1038 habebat.
1526 969 1637 1038 Sic
1668 974 1838 1038 enim
1884 974 2248 1062 praefatur:
2299 974 2511 1055 ‘Quae
2538 976 2609 1040 in
2640 974 2788 1039 Gru-

523 1078 648 1141 teri
707 1076 1026 1161 editione,
1083 1077 1306 1140 nescio
1361 1075 1643 1161 unde(‘?)
1702 1077 2023 1164 prolatae,
2084 1085 2236 1142 sunt
2291 1098 2561 1143 numero
2608 1076 2789 1141 octin-

523 1188 762 1263 gentae
805 1187 869 1242 et
912 1177 1056 1266 plus
1105 1179 1602 1266 quinquaginta,
1650 1200 1872 1242 earum
1913 1179 2120 1244 maior
2162 1200 2313 1266 pars
2357 1199 2570 1265 neque
2610 1181 2676 1242 in
2704 1201 2789 1242 co·

523 1281 785 1346 dicibus
826 1281 1072 1346 nostris
1117 1289 1524 1367 comparent,
1580 1302 1791 1367 neque
1834 1283 2185 1367 quiequam
2228 1280 2533 1345 Publiani
2580 1280 2792 1346 coloris

524 1384 863 1470 saporisve
905 1383 976 1446 in
1022 1403 1106 1446 se.
1121 1381 1401 1447 babent.
1494 1382 1627 1446 Eas
1669 1404 1789 1446 nos
1802 1431 1821 1466 ,
1866 1391 1940 1446 ut
1984 1381 2091 1446 vel
2135 1381 2309 1447 lectu
2352 1381 2681 1468 indignaS,
2722 1381 2791 1444 ab

525 1485 814 1549 editione
856 1484 981 1547 hac
1025 1484 1365 1549 eiecimus:
1426 1506 1593 1570 quae
1637 1505 1794 1548 vero
1836 1487 2135 1549 acumine
2178 1506 2249 1550 se
2294 1507 2409 1550 suo
2454 1507 2531 1548 ac
2579 1505 2793 1548 venere

525 1595 592 1651 et
636 1587 828 1651 metri
874 1587 1310 1652 concinnitate
1355 1585 1831 1666 commendant,
1878 1583 2105 1651 lectori
2151 1585 2259 1651 hic
2306 1586 2731 1653 exhibemus'.

681 1689 876 1754 “Inter
931 1699 1178 1754 ceteros
1224 1710 1393 1754 saec.
1440 1686 1707 1752 XVIII.
1754 1686 2038 1752 editores
2082 1688 2447 1778 laudandus
2494 1697 2597 1753 est
2644 1689 2790 1754 Joa.

525 1791 812 1857 Petrus
868 1791 1244 1856 Millerus
1301 1789 1614 1874 (Phaedri
1672 1789 1883 1853 Fabb.
1940 1788 2161 1854 Publii
2218 1791 2371 1876 Syri
2427 1792 2791 1870 sententiae,

527 1894 838 1980 Dionysii
868 1892 1138 1957 Catonis
1172 1891 1474 1974 disticha,
1507 1890 1724 1956 Berol.
1762 1890 1975 1976 1753),
2023 1892 2129 1957 vel
2159 1892 2282 1957 hoc
2311 1894 2599 1975 nomine,
2642 1890 2793 1980 quod

525 1997 881 2061 sententias
927 1994 1048 2060 soli
1079 1993 1364 2059 Publilio
1393 1994 1699 2059 addicere
1728 2003 2075 2078 ausus-est.
2148 1995 2496 2059 Praeterea
2526 2018 2647 2060 suo
2675 1998 2794 2059 iure

525 2098 882 2163 Gruterum
927 2097 1361 2183 impugnavit,
1410 2095 1585 2182 quod
1631 2095 1819 2161 binos
1863 2095 2207 2182 aliquoties
2252 2119 2485 2162 versus
2530 2099 2700 2162 inter
2739 2118 2795 2159 se

525 2199 894 2265 simillimos
949 2198 1340 2285 protulerat,
1399 2220 1672 2286 quorum
1715 2196 2039 2263 Publilius
2096 2198 2203 2263 vel
2246 2197 2633 2264 alterutrum
2674 2209 2793 2263 tan-

524 2302 858 2367 tummodo
902 2302 1268 2388 composuit
1311 2299 1416 2364 vel
1453 2299 1735 2389 nullum,
1780 2299 1968 2366 verbi
2013 2322 2241 2365 causa:

1099 2461 1375 2521 Felicitas
1415 2460 1639 2533 infelici
1680 2463 2014 2522 iwnocentia
2056 2464 2153 2521 est.

1098 2563 1334 2635 Infelici
1375 2565 1712 2624 innocentia
1755 2570 1837 2623 est
1878 2564 2138 2636 felicitae.

701 2713 782 2776 In
826 2710 1190 2777 editione
1235 2710 1673 2800 Bipontina
1718 2712 2033 2797 (Phaedri
2070 2710 2250 2785 sabb,
2280 2711 2606 2775 accedunt
2640 2712 2711 2776 P.
2740 2709 2797 2774 S.

525 2816 887 2880 sententiae
932 2824 1054 2879 etc.
1091 2813 1285 2899 1784)
1329 2814 1497 2878 nihil
1542 2824 1672 2899 est,
1722 2814 1896 2900 quod
1940 2814 2202 2900 proprie
2245 2814 2603 2899 vituperes,
2651 2808 2799 2877 nihil

525 2940 652 3004 quo
697 2940 844 2983 cum
887 2915 1106 3002 aliquo
1153 2914 1370 2979 fructu
1412 2917 1645 2999 utaris,
1690 2925 1969 3003 excepta
2012 2915 2291 2981 fortasse
2338 2916 2599 2980 ‘notitia
2644 2915 2798 2979 litte-

522 3020 720 3083 raria'
724 3067 743 3102 ,
790 3040 986 3106 quam
1026 3018 1268 3082 rectius
1315 3017 1499 3083 dicas
1531 3017 1888 3083 editionum
1919 3016 2187 3083 Publilii
2219 3017 2371 3103 Syri
2408 3017 2797 3102 catalogum:
2893 3028 2895 3031 ’

523 3121 710 3203 adeo,
757 3122 870 3208 qui
913 3142 1054 3184 eam
1098 3120 1376 3203 curavit,
1424 3141 1496 3184 se
1542 3121 1822 3186 Grutero
1865 3120 2235 3185 addixerat.

698 3220 1016 3287 Eiusdem
1070 3223 1226 3288 Jani
1271 3221 1543 3287 Gruteri
1594 3224 2035 3287 recensionem
2098 3230 2391 3305 secutus,
2446 3222 2621 3288 sicut
2674 3225 2801 3309 ipse

532 3326 697 3391 dicit
751 3327 820 3390 in
873 3325 1065 3390 titulo
1121 3324 1308 3410 libri,
1378 3326 1549 3391 Car.
1607 3324 1845 3389 Henr.
1911 3323 2385 3388 Tzschucke
2455 3323 2799 3408 Publilium

527 3429 768 3515 Syrum
824 3427 1032 3493 edidit
1089 3430 1159 3492 in
1199 3450 1388 3493 usum
1434 3426 1830 3509 scholarum,
1884 3424 2217 3513 adspersis
2262 3425 2501 3491 notulis
2546 3428 2800 3513 quibus-

525 3532 698 3614 dam,
744 3531 927 3617 Lips.
979 3530 1161 3595 1790.

693 3633 1123 3717 Permagnam
1157 3632 1464 3699 editionis
1496 3655 1649 3699 suae
1681 3633 2203 3721 expectationem
2231 3640 2525 3697 moverat
2569 3630 2613 3697 J
2629 3653 2799 3696 oan-
2894 3660 2896 3681 =

525 3760 660 3801 nes
706 3736 929 3803 Conr.
976 3733 1366 3827 Orelliu-s,
1413 3737 1480 3802 J.
1512 3735 1784 3823 Caspari
1829 3734 2141 3823 patruelis
2186 3734 2292 3815 (P.
2326 3734 2480 3823 Syri
2524 3734 2707 3798 mimi
2746 3740 2802 3794 et
2894 3754 2896 3829 ξ

523 3839 798 3903 aliorum
827 3840 1214 3922 sententiae,
1258 3838 1444 3926 Lips.
1480 3839 1695 3923 1822),
1740 3838 1871 3902 nisi
1900 3860 2057 3902 mox
2078 3838 2348 3904 editoris
2379 3837 2669 3903 officium
2701 3857 2799 3922 pa·
2894 3834 2896 3895 ἰ

524 3963 669 4004 rum
694 3939 1064 4026 explevisse
1093 3943 1400 4006 inventus
1432 3950 1621 4005 esset.
1667 3940 2017 4005 Hominem
2048 3941 2221 4004 enim
2250 3962 2322 4006 se
2344 3963 2491 4006 eum
2510 3940 2803 4029 praebuit

526 4044 594 4107 in
637 4041 1016 4107 adornando
1059 4042 1172 4109 illo
1216 4042 1444 4125 libro,-
1467 4044 1580 4129 qui
1621 4042 1901 4107 aliorum
1942 4044 2161 4131 potius
2209 4066 2403 4130 quam
2446 4067 2563 4109 suo
2607 4047 2803 4117 staret

526 4144 802 4229 iudici03
849 4154 914 4209 et
958 4168 1104 4209 cum
1147 4147 1221 4223 in
1259 4145 1586 4231 prioribus
1630 4145 2026 4210 editionibus
2065 4146 2136 4210 id
2179 4147 2322 4210 iure
2352 4147 2799 4230 vituperasset,

527 4246 699 4333 quod
745 4248 813 4310 in
860 4248 1326 4315 sententiarum
1379 4268 1649 4312 numero
1700 4249 1937 4311 mirum
1983 4257 2295 4334 quantum
2340 4247 2798 4331 discreparent,

526 4350 669 4436 ipse
724 4349 888 4414 nihil
943 4349 1273 4435 antiquius
1331 4349 1593 4433 habuit,
1651 4373 1843 4437 quam
1896 4360 1969 4415 ut
2022 4350 2322 4415 omnibus
2380 4348 2521 4437 sine
2564 4344 2799 4412 iudicio
