2917 4950
962 306 1515 356 Pnomeomnm.
2309 288 2386 354 31

119 459 428 544 congestis
514 480 754 524 vanam
837 457 1179 544 gloriolam
1263 469 1556 546 captaret
1641 480 1953 545 suamque
2038 456 2392 522 editionem

116 563 387 625 omnium
404 610 422 643 ,
483 583 652 648 quae
707 561 1022 626 hactenus
1077 560 1290 625 lucem
1346 560 1704 644 vidissent,
1761 560 2207 648 plenissimam
2252 580 2393 622 esse
2468 572 2477 576 “

114 662 527 749 praedicaret.
618 663 809 726 Hanc
851 673 1102 728 tantam
1130 662 1359 728 iudicii
1389 665 1889 750 perversitatem
1918 660 2175 726 duobus
2204 661 2391 724 annis

113 775 251 852 post
300 766 540 829 iterum
596 764 921 851 prodidit,
979 787 1126 829 cum
1183 767 1538 830 sententias
1584 765 1940 831 Bothianas
1999 761 2147 850 plus
2198 784 2392 848 quam

112 876 456 948 trecentas,
521 889 680 953 quas
738 869 879 955 ipse
924 888 1010 932 ex
1053 867 1320 931 incertis
1382 867 1675 934 fontibus
1719 867 1983 930 haustas
2030 885 2173 928 esse
2217 874 2392 927 recte

111 967 538 1051 intellexerat,
586 967 1021 1055 supplementi
1065 967 1206 1033 loco
1251 969 1489 1034 iterum
1534 967 1821 1033 edendas
1867 968 2142 1031 curavit.
2210 964 2389 1046 Quo-

113 1071 314 1134 minus
373 1078 594 1134 tamen
649 1070 1002 1136 editionem
1056 1070 1268 1135 bonae
1324 1072 1533 1156 frugis
1582 1081 1917 1158 expertem
1962 1090 2105 1133 esse
2150 1066 2389 1150 dicam,
2468 1067 2472 1070 ’

113 1170 449 1257 prohibent
505 1193 654 1235 cum
706 1171 867 1256 alia,
924 1181 1061 1237 tum
1117 1172 1575 1238 adnotationes
1638 1172 1957 1258 quaedam
2002 1171 2068 1278 J.
2116 1170 2391 1256 Caspari

113 1272 332 1338 Orellii
376 1275 512 1340 suis
557 1273 718 1338 locis
763 1276 1067 1360 insertae.

270 1375 488 1440 Frid.
523 1374 761 1443 Henr.
794 1376 1171 1459 Βο1111118,
1202 1387 1541 1465 poetarum
1571 1378 2013 1441 scaenicorum
2043 1373 2389 1439 latinorum

113 1477 311 1542 editor
357 1467 722 1562 (Halberst.
759 1478 945 1560 1824,
988 1478 1172 1565 LiPS.
1209 1479 1424 1564 1834),
1470 1490 1689 1544 utrum
1734 1477 1880 1565 plus
1924 1478 2093 1542 boni-
2111 1499 2197 1540 an
2234 1475 2387 1538 mali

115 1578 395 1644 attulerit
425 1579 736 1662 Publilio,
781 1603 910 1645 non
955 1579 1151 1644 facile
1195 1589 1296 1644 est
1337 1581 1422 1644 ad
1470 1581 1983 1646 diiudicandum.
2044 1578 2215 1643 Nam
2244 1585 2393 1665 post

110 1680 468 1745 Bentleium
521 1704 712 1746 nemo
758 1680 1116 1746 Publilium
1172 1681 1414 1766 edidit,
1474 1684 1587 1770 qui
1641 1684 1735 1746 ita
1788 1681 2058 1746 haberet
2102 1681 2387 1746 senario·

109 1805 244 1846 rum
284 1782 464 1868 leges
509 1792 918 1870 perspectas,
975 1805 1167 1848 nemo
1213 1785 1326 1870 qui
1369 1783 1869 1871 transponendis
1913 1783 2136 1847 verbis
2180 1791 2388 1846 metro

109 1883 354 1949 felicius
398 1885 802 1958 mederetur:
848 1907 970 1949 nec
1011 1887 1228 1952 minus
1273 1908 1503 1953 verum
1533 1896 1633 1951 est
1670 1888 1996 1951 neminem
2025 1893 2209 1950 tanta
2237 1905 2386 1949 con-

109 1987 383 2052 iectandi
428 1987 694 2051 licentia
735 1997 1104 2072 grassatum
1151 2009 1327 2070 esse,
1373 1991 1700 2052 neminem
1744 1998 1879 2053 tam
1921 1997 2145 2075 aperte
2189 1988 2385 2050 inter·
2432 2023 2437 2028 ·

108 2087 362 2205 polandi
409 2089 511 2154 ius
558 2089 687 2154 81111
729 2111 1094 2174 arrogasse.
1183 2090 1346 2155 011111
1391 2101 1612 2154 autem
1657 2112 1960 2155 versuum
1998 2090 2385 2176 spuriorum,

109 2192 164 2253 si
205 2213 357 2276 quos
405 2191 688 2282 editores
717 2201 870 2256 ante
901 2213 1049 2255 eum
1079 2191 1248 2256 male
1277 2202 1677 2279 receperant,
1724 2193 1985 2257 iteratio
2018 2213 2093 2257 eo
2126 2191 2387 2255 nomine

110 2294 400 2356 excusari
442 2302 686 2380 posset,
734 2293 906 2380 quod
953 2315 1036 2357 ex
1077 2292 1417 2360 codicibus
1447 2293 1855 2381 interpolatis
1886 2292 2153 2357 deducti
2182 2300 2385 2374 erant,

109 2393 372 2459 Bothius
416 2394 610 2459 titulo
654 2416 694 2457 a
739 2394 1024 2460 01111610
1069 2397 1404 2485 proposito
1451 2397 1554 2462 L.
1586 2397 1843 2461 Annaei
1888 2396 2173 2462 Senecae
2216 2404 2280 2459 et
2310 2394 2385 2457 P.

111 2496 251 2584 Syri
293 2498 512 2581 mimi,
567 2498 792 2562 forsan
849 2498 1046 2562 etiam
1099 2497 1376 2564 aliorum
1431 2500 1799 2585 singulares
1844 2499 2229 2565 sententiae’
2272 2497 2384 2561 ab-

109 2622 254 2663 usus
299 2622 373 2664 eo
418 2600 736 2686 processit
779 2598 1112 2683 audaciae,
1158 2611 1231 2665 ut
1276 2624 1360 2665 ex
1403 2582 2026 2689 paroemiographis,
2073 2622 2158 2664 ex
2187 2600 2383 2664 Eras-

109 2702 191 2763 mi
217 2702 519 2787 Adagiis,
563 2702 722 2765 item
767 2722 849 2765 ex
895 2700 1224 2767 Joachimi
1255 2703 1618 2769 Camerarii
1664 2714 1728 2769 et
1768 2704 1812 2769 J
1814 2726 1922 2768 am
1953 2703 2197 2790 Anysii
2240 2723 2383 2765 sen-

110 2804 317 2869 tentiis
391 2803 750 2890 permultas
824 2804 1250 2889 immisceret,
1287 2816 1294 2823 ·
1327 2827 1495 2891 quae
1567 2805 1850 2871 Publilio
1922 2803 2386 2889 veteribusque

109 2916 358 2993 propter
415 2905 805 2991 elegantiam
862 2908 1328 2972 sententiarum
1385 2908 1756 2995 probosque
1812 2908 2212 2973 senariorum
2265 2927 2383 2970 nu-

110 3028 304 3071 meros
358 3024 493 3074 11011
546 3006 862 3093 indignae
904 3006 1321 3093 viderentur,
1384 3010 1584 3097 idque
1628 3032 1773 3075 cum
1818 3008 1948 3074 sibi
1990 3008 2383 3094 indulgeret,

22 3132 24 3177 ῑ
111 3106 462 3193 legentibus
507 3132 591 3173 ne
634 3118 884 3175 tantum
934 3110 1200 3197 quidem
1240 3111 1509 3195 tribuit,
1565 3122 1659 3177 ut?
1681 3113 1857 3177 unde
1900 3133 2107 3177 novos
2151 3133 2383 3175 versus

110 3214 480 3299 sumpsisset
543 3212 790 3299 ubique
853 3214 1234 3279 nominatim
1303 3212 1572 3279 diceret.
1662 3215 1788 3279 0111
1852 3214 2136 3279 lubidini
2192 3212 2383 3300 plane

111 3315 490 3379 contrarium
535 3324 656 3398 est,
704 3314 878 3400 quod
925 3315 1098 3379 idem
1144 3315 1499 3402 permultos
1546 3338 1774 3380 versus
1812 3317 1881 3380 in
1910 3304 2381 3402 optimis⁸codi-
2461 3392 2474 3407 ο

111 3415 277 3481 6111118
333 3418 510 3481 111161
552 3416 957 3482 Publilianos
1013 3417 1291 3483 traditos
1347 3417 1609 3483 stellula
1660 3417 1887 3483 addita
1941 3419 2010 3482 in
2068 3405 2406 3504 suspicio?

110 3538 241 3582 nem
294 3540 532 3583 vocare
587 3518 764 3583 haud
821 3518 1174 3584 dubitavit.
1263 3519 1448 3605 Haec
1492 3521 1708 3585 omnia
1751 3519 1905 3585 licet
1950 3524 2065 3585 8110
2108 3519 2382 3584 arbitrio

112 3621 338 3703 egisset
379 3660 457 3667 —
507 3621 811 3685 codicem·
846 3621 1019 3685 enim
1064 3621 1321 3686 viderat
1363 3620 1616 3686 nullum
1646 3661 1729 3671 —-
1772 3623 1865 3687 ita
1907 3631 2125 3687 tamen
2171 3620 2378 3707 philo-

108 3717 258 3806 logis
302 3745 490 3787 suam
535 3746 754 3788 curam
799 3722 1126 3812 probavit,
1171 3733 1244 3788 ut
1290 3725 1430 3788 eius
1478 3723 1679 3789 editio
1724 3720 1841 3812 p‘er
1882 3723 2131 3810 aliquot
2174 3721 2378 3788 lustra

106 3843 209 3906 pro
250 3827 496 3913 optima
538 3825 909 3890 haberetur.

259 3926 483 3992 Bothii
512 3929 816 4014 vestigiis
848 3928 1186 4013 ingressus
1219 3937 1319 3993 est
1363 3927 1699 3993 Carolus
1745 3925 2057 3993 Zellius
2104 3926 2377 4011 (Aucto-

107 4046 233 4090 rum
275 4029 698 4095 classicorum
743 4018 1092 4096 latinorum
1137 4029 1268 4097 vol.
1316 4030 1406 4095 X.
1454 4030 1701 4114 Stuttg.
1751 4029 1943 4116 1829)
1958 4078 1977 4112 ,
2042 4031 2112 4094 in
2157 4030 2378 4095 multis

110 4126 357 4213 invitUS,
405 4133 464 4196 81
498 4131 761 4217 quidem
791 4134 1150 4211 sententias
1180 4155 1220 4196 a
1250 4131 1489 4197 Bothio
1513 4132 1797 4215 additas,
1846 4153 2004 4217 quas
2034 4154 2075 4195 a
2104 4131 2376 4197 Publilii

112 4229 376 4296 editione
439 4233 685 4298 alienas
753 4256 896 4299 esse
961 4244 1385 4321 perspexerat
1453 4234 1727 4320 (passim
1785 4236 1957 4299 enim
2012 4232 2375 4313 adnotavit,

111 4332 265 4395 unde
305 4334 574 4399 haustae
620 4337 890 4422 essent),
937 4335 1104 4399 hanc
1148 4336 1233 4400 ob
1279 4358 1543 4417 causam
1586 4338 1867 4422 recepit,
1914 4357 1995 4399 ne
2040 4356 2193 4398 suae
2240 4333 2373 4398 edi-
