2917 4950
800 280 1011 326 INTER
1056 278 1522 326 PUBLILIANAS
1567 277 1954 324 RECEPTAE.
2406 260 2523 324 127

392 431 853 496 Misericordia
892 453 1026 496 non
1070 432 1358 514 causam,
1406 431 1522 496 sed
1566 431 1896 496 fortunam
1941 438 2252 516 spectat.'

392 533 713 599 Miserum
755 541 822 598 te
864 531 1105 617 iudico,
1154 533 1329 622 quod
1372 554 1727 619 numquam
1769 533 1974 596 fueris
2019 533 2236 595 miser.

396 635 663 700 Modica
707 634 1011 722 voluptas
1055 635 1239 700 laxat
1280 636 1532 700 animos
1581 643 1646 700 et
1689 643 2034 720 temperat.

396 737 694 802 Monstro
738 735 973 802 similis
1020 747 1118 801 est
1170 737 1452 802 avaritia
1497 736 1712 800 unica.

200 846 352 906 210
395 839 702 906 Morbum
746 861 889 905 esse
923 841 1091 906 scias
1122 863 1254 904 non
1282 837 1705 919 hilaritatem,
1751 857 2009 923 semper
2038 837 2332 901 arridere
2361 837 2520 900 arri—

1042 941 1350 1006 dentibus
1408 948 1473 1004 et
1525 938 1612 1003 ad
1669 939 1956 1003 omnium
2009 939 2524 1004 aestimationem

1038 1045 1257 1130 ipsum
1300 1063 1558 1129 quoque
1603 1063 1674 1105 os
1721 1040 2052 1105 diducere.

395 1143 695 1212 Mortalis
740 1167 929 1209 nemo
976 1154 1094 1228 est,
1142 1167 1336 1230 quem
1381 1166 1514 1209 non
1557 1144 1840 1227 attingat
1885 1140 2089 1206 dolor.

395 1246 679 1312 Mortem
722 1247 955 1310 timere
1000 1245 1331 1311 crudelius
1380 1253 1481 1310 est
1526 1267 1718 1332 quam
1762 1243 1950 1308 mori.

395 1347 723 1414 Muliebre
767 1357 865 1412 est
908 1347 1127 1412 furere
1172 1349 1241 1413 in
1285 1349 1406 1412 ira.

396 1448 594 1515 Multi
638 1449 794 1512 dum
838 1449 983 1514 falli
1026 1457 1279 1537 putant,
1328 1447 1561 1512 fallere
1605 1444 1864 1513 docent.

210 1557 349 1616 215
394 1551 651 1617 Natura
695 1551 905 1616 vincit
947 1562 1248 1616 naturam
1294 1559 1358 1614 et
1407 1549 1502 1613 dii
1548 1549 1726 1614 deos

396 1651 540 1717 Nae
582 1653 939 1719 virtutibus
984 1653 1207 1718 multis
1254 1651 1568 1733 abundat,
1617 1651 1730 1738 qui
1772 1649 2018 1714 alienas
2063 1658 2256 1712 amat.

395 1754 683 1820 Necesse
729 1763 829 1818 est
871 1754 1109 1820 multos
1155 1756 1405 1837 timeat,
1455 1775 1646 1840 quem
1690 1749 1881 1815 multi
1925 1751 2179 1815 timent.

396 1856 826 1920 Necessitatis
872 1865 973 1920 est
1016 1855 1377 1920 remedium
1422 1855 1729 1943 parcitas.

397 1956 653 2041 Negata
698 1966 795 2022 est
839 1959 1095 2043 magnis
1142 1956 1498 2022 sceleribus
1545 1976 1801 2042 semper
1845 1953 2032 2020 fides.

212 2065 353 2124 220
396 2058 606 2124 Nemo
648 2061 742 2124 ita
785 2082 1037 2151 pauper
1079 2061 1251 2124 vivit
1298 2081 1491 2146 quam
1534 2068 1728 2123 natus
1776 2067 1898 2121 est.

402 2161 611 2226 Nemo
654 2172 872 2282 potest
918 2183 1263 2249 personam
1309 2161 1425 2226 diu
1469 2161 1640 2224 ferre
1672 2159 1926 2223 fictam:
1971 2157 2126 2222 ficta
2153 2156 2284 2221 cito
2314 2156 2383 2219 in
2412 2178 2522 2220 na—

1039 2272 1252 2327 turam
1298 2285 1482 2328 suam
1526 2260 1849 2325 recidunt.

405 2364 611 2430 Nemo
656 2364 943 2452 prudens
986 2367 1179 2452 punit
1222 2367 1376 2452 quia
1404 2373 1747 2452 peccatum
1777 2370 1894 2445 est,
1940 2360 2058 2427 sed
2086 2382 2168 2426 ne
2199 2368 2524 2448 peccetur.

396 2466 607 2533 Nemo
650 2488 877 2553 regere
920 2477 1139 2554 potest
1182 2468 1312 2532 nisi
1358 2475 1421 2530 et
1466 2466 1580 2552 qui
1622 2466 1786 2550 regi.

396 2569 625 2653 NemO,
673 2572 785 2656 qui
829 2570 1043 2656 coepit
1089 2592 1175 2634 ex
1218 2591 1310 2652 se,
1355 2570 1561 2633 risum
1605 2566 1926 2655 praebuit.

216 2677 351 2736 225
400 2670 711 2788 Nequitia
754 2692 963 2759 poena
1006 2674 1295 2736 maxima
1338 2671 1618 2757 ipsamet
1665 2670 1767 2733 sui
1814 2677 1933 2732 est.

396 2764 624 2837 Nescit
667 2775 723 2847 is
769 2794 1019 2855 nocere,
1068 2776 1180 2861 qui
1222 2794 1459 2837 nocere
1500 2769 1676 2834 velle
1718 2767 2032 2857 prodidit.

398 2874 510 2939 Nil
555 2875 749 2960 eripit
794 2875 1072 2959 fortuna,
1119 2876 1249 2939 nisi
1294 2874 1467 2961 quod
1515 2883 1580 2937 et
1625 2872 1828 2937 dedit.

397 2974 511 3041 Nil
554 2998 747 3063 posse
791 2998 1184 3063 quemquam
1227 2986 1554 3043 mortuum
1595 2974 1866 3068 1106166ῐ
1909 2972 2155 3039 vivere.

400 3204 521 3261 206
572 3204 673 3261 Go.
709 3204 835 3259 Sen.
870 3205 937 3260 de
969 3203 1124 3260 clem.
1160 3202 1219 3275 2,
1253 3204 1311 3275 5,
1349 3204 1381 3259 1
1565 3202 1684 3260 207
1735 3203 1818 3259 Gr
1847 3219 1913 3257 ex
1943 3201 2063 3257 cod.
2095 3199 2260 3256 Palat.
2295 3200 2420 3255 Sen.
2454 3199 2520 3256 de

222 3288 435 3363 provid.
469 3288 529 3361 4,
564 3289 600 3346 3
776 3288 896 3347 208
943 3290 1014 3346 R.
1048 3288 1173 3344 Sen.
1206 3288 1273 3343 de
1303 3290 1380 3343 ira
1412 3288 1471 3359 2,
1497 3288 1600 3359 20,
1627 3288 1662 3345 3
1838 3286 1957 3344 209
2009 3287 2106 3342 Go.
2137 3284 2216 3340 'De
2246 3302 2380 3341 mor.
2417 3284 2518 3356 18,

222 3373 436 3449 Cic.·de
466 3381 670 3430 senect.
709 3374 807 3445 18,
842 3374 920 3430 66
1096 3373 1221 3430 210
1267 3374 1362 3429 Go.
1398 3372 1525 3427 Sen.
1558 3372 1623 3427 de
1655 3372 1808 3427 clem.
1845 3370 1903 3443 2,
1939 3372 1997 3441 6,
2030 3368 2068 3424 4
2243 3370 2361 3425 211
2413 3372 2519 3425 Bo.

223 3458 413 3531 Eurip.
456 3476 541 3532 ap.
586 3458 691 3514 Cic.
726 3459 886 3513 Tusc.
930 3458 999 3530 3,
1034 3457 1144 3529 25,
1178 3457 1257 3513 59
1434 3456 1555 3512 212
1602 3458 1698 3512 Ps.
1741 3456 1866 3511 Sen.
1909 3453 2034 3524 Ege.
2065 3452 2321 3510 Controv.
2357 3455 2426 3525 3,
2459 3454 2518 3525 5,

224 3550 365 3599 extr.
400 3561 493 3617 pg.
530 3544 674 3614 370,
707 3543 743 3598 5
775 3544 871 3598 Bu.
904 3577 909 3585 ι
1007 3542 1129 3599 213
1175 3543 1284 3597 Pn.
1319 3541 1445 3596 Seu.
1482 3540 1548 3596 de
1581 3542 1736 3596 clem.
1773 3541 1830 3611 1,
1863 3540 1922 3611 5,
1955 3539 1991 3595 5
2125 3538 2246 3594 214
2295 3540 2360 3606 Q.
2395 3538 2519 3593 Sen.

224 3629 387 3701 epist.
421 3628 479 3699 3,
514 3628 551 3683 3
754 3626 874 3683 215
922 3628 1019 3683 Ps.
1224 3626 1345 3684 216
1394 3626 1494 3681 Gr.
1531 3625 1668 3681 Plin.
1701 3626 1857 3698 epist.
1896 3626 1952 3695 1,
1990 3624 2088 3695 17,
2122 3622 2180 3679 4.
2245 3622 2324 3678 Cf.
2358 3639 2520 3695 supra

189 3731 321 3785 ‘pgn
353 3712 494 3784 107,
517 3712 639 3769 110
757 3713 876 3768 217
924 3714 1022 3768 Ps.
1054 3711 1311 3766 Laberius
1343 3728 1392 3765 v.
1425 3711 1547 3768 126
1579 3709 1730 3765 Ribb.
1763 3734 1847 3755 =
1878 3710 2003 3765 Sen.
2037 3708 2105 3762 (16
2135 3708 2212 3761 ira
2253 3706 2312 3777 2,
2351 3707 2447 3777 11,
2481 3706 2518 3762 3

400 3796 521 3854 218
568 3798 664 3853 Ps.
698 3796 849 3852 Caes.
882 3796 1027 3851 Balb.
1063 3796 1205 3851 Mon.
1242 3796 1341 3867 11,
1375 3796 1433 3867 5,
1468 3812 1561 3869 pg.
1596 3794 1674 3849 22
1846 3794 1966 3849 219
2013 3792 2111 3847 Ps.
2147 3790 2272 3846 Sen.
2304 3790 2518 3865 Hippol.

232 3880 351 3937 162
529 3880 799 3959 22Οβν.
834 3898 896 3937 ex
929 3880 1047 3937 cod.
1080 3879 1245 3936 Palat.
1282 3878 1403 3935 Sen.
1437 3880 1504 3935 de
1545 3879 1768 3953 provid.·
1789 3879 1846 3949 6,
1881 3879 1916 3934 6
2091 3875 2209 3931 221
2264 3877 2360 3934 Go.
2395 3876 2519 3931 Sen.

226 3967 295 4021 de
326 3965 485 4021 clem.
524 3967 579 4039 1,
604 3967 729 4038 1,6.
776 3966 854 4021 Cs.
889 3982 1051 4039 supra
1082 3982 1173 4039 pg.
1212 3965 1352 4036 123,
1389 3964 1508 4020 137
1627 3962 1747 4019 222
1782 3964 1853 4019 R.
1886 3962 2011 4017 Sen.
2044 3960 2111 4017 (16
2141 3962 2220 4016 ira
2253 3961 2311 4034 1,
2348 3962 2447 4031 19,
2483 3961 2517 4017 7

400 4049 521 4108 223
567 4052 638 4107 R.
674 4051 799 4109 Sen
834 4050 899 4105 de
929 4052 1005 4105 ira
1040 4050 1109 4121 2,
1146 4050 1257 4123 15,
1289 4049 1328 4104 4
1528 4046 1650 4102 224
1699 4049 1796 4103 Gr.
1832 4064 1897 4102 ex
1927 4046 2049 4103 cod.
2082 4046 2249 4101 Palat.
2297 4046 2420 4104 Sen.
2455 4045 2519 4101 de

224 4144 399 4192 const.
436 4152 549 4209 sap.
583 4136 683 4207 17,
718 4135 753 4190 2
930 4134 1049 4191 225
1093 4093 1330 4190 Ribbeck
1364 4131 1507 4205 315,
1539 4134 1645 4188 Pn.
1693 4131 1769 4188 Cf.
1803 4150 1968 4207 supra
2005 4149 2097 4205 pg.
2133 4130 2234 4201 91,
2270 4130 2347 4187 13

228 4219 351 4277 226
396 4221 495 4276 Gr.
532 4216 820 4294 (perdidit)
848 4236 912 4274 ex
942 4219 1061 4275 cod.
1078 4219 1242 4275 Palat.
1269 4218 1421 4274 Caec.
1448 4217 1594 4275 Balb.
1611 4218 1776 4274 Paris,
1796 4216 1873 4273 29
2007 4215 2126 4271 227
2171 4216 2270 4271 Ps.
2297 4214 2422 4271 Seu.
2453 4214 2518 4270 de

228 4313 405 4361 const.
438 4322 550 4378 sap.
579 4304 640 4377 5,
654 4304 839 4361 4coll.
868 4306 1025 4378 epist.
1051 4304 1155 4374 59,
1173 4304 1251 4360 18
1371 4302 1495 4360 228
1542 4302 1639 4359 Ps.
1664 4302 1812 4359 Caeo.
1838 4302 1980 4358 Ball).
2010 4286 2150 4355 M‘on.
2170 4301 2227 4371 1,
2245 4300 2304 4369 9,
2329 4318 2421 4373 pg.
2441 4300 2515 4356 18
